%YAML 1.1
%TAG !u! tag:unity3d.com,2011:
--- !u!29 &1
OcclusionCullingSettings:
  m_ObjectHideFlags: 0
  serializedVersion: 2
  m_OcclusionBakeSettings:
    smallestOccluder: 5
    smallestHole: 0.25
    backfaceThreshold: 100
  m_SceneGUID: 00000000000000000000000000000000
  m_OcclusionCullingData: {fileID: 0}
--- !u!104 &2
RenderSettings:
  m_ObjectHideFlags: 0
  serializedVersion: 9
  m_Fog: 0
  m_FogColor: {r: 0.5, g: 0.5, b: 0.5, a: 1}
  m_FogMode: 3
  m_FogDensity: 0.01
  m_LinearFogStart: 0
  m_LinearFogEnd: 300
  m_AmbientSkyColor: {r: 0.212, g: 0.227, b: 0.259, a: 1}
  m_AmbientEquatorColor: {r: 0.114, g: 0.125, b: 0.133, a: 1}
  m_AmbientGroundColor: {r: 0.047, g: 0.043, b: 0.035, a: 1}
  m_AmbientIntensity: 1
  m_AmbientMode: 3
  m_SubtractiveShadowColor: {r: 0.42, g: 0.478, b: 0.627, a: 1}
  m_SkyboxMaterial: {fileID: 0}
  m_HaloStrength: 0.5
  m_FlareStrength: 1
  m_FlareFadeSpeed: 3
  m_HaloTexture: {fileID: 0}
  m_SpotCookie: {fileID: 10001, guid: 0000000000000000e000000000000000, type: 0}
  m_DefaultReflectionMode: 0
  m_DefaultReflectionResolution: 128
  m_ReflectionBounces: 1
  m_ReflectionIntensity: 1
  m_CustomReflection: {fileID: 0}
  m_Sun: {fileID: 0}
  m_IndirectSpecularColor: {r: 0, g: 0, b: 0, a: 1}
  m_UseRadianceAmbientProbe: 0
--- !u!157 &3
LightmapSettings:
  m_ObjectHideFlags: 0
  serializedVersion: 12
  m_GIWorkflowMode: 1
  m_GISettings:
    serializedVersion: 2
    m_BounceScale: 1
    m_IndirectOutputScale: 1
    m_AlbedoBoost: 1
    m_EnvironmentLightingMode: 0
    m_EnableBakedLightmaps: 0
    m_EnableRealtimeLightmaps: 0
  m_LightmapEditorSettings:
    serializedVersion: 12
    m_Resolution: 2
    m_BakeResolution: 40
    m_AtlasSize: 1024
    m_AO: 0
    m_AOMaxDistance: 1
    m_CompAOExponent: 1
    m_CompAOExponentDirect: 0
    m_ExtractAmbientOcclusion: 0
    m_Padding: 2
    m_LightmapParameters: {fileID: 0}
    m_LightmapsBakeMode: 1
    m_TextureCompression: 1
    m_FinalGather: 0
    m_FinalGatherFiltering: 1
    m_FinalGatherRayCount: 256
    m_ReflectionCompression: 2
    m_MixedBakeMode: 2
    m_BakeBackend: 1
    m_PVRSampling: 1
    m_PVRDirectSampleCount: 32
    m_PVRSampleCount: 512
    m_PVRBounces: 2
    m_PVREnvironmentSampleCount: 256
    m_PVREnvironmentReferencePointCount: 2048
    m_PVRFilteringMode: 1
    m_PVRDenoiserTypeDirect: 1
    m_PVRDenoiserTypeIndirect: 1
    m_PVRDenoiserTypeAO: 1
    m_PVRFilterTypeDirect: 0
    m_PVRFilterTypeIndirect: 0
    m_PVRFilterTypeAO: 0
    m_PVREnvironmentMIS: 1
    m_PVRCulling: 1
    m_PVRFilteringGaussRadiusDirect: 1
    m_PVRFilteringGaussRadiusIndirect: 5
    m_PVRFilteringGaussRadiusAO: 2
    m_PVRFilteringAtrousPositionSigmaDirect: 0.5
    m_PVRFilteringAtrousPositionSigmaIndirect: 2
    m_PVRFilteringAtrousPositionSigmaAO: 1
    m_ExportTrainingData: 0
    m_TrainingDataDestination: TrainingData
    m_LightProbeSampleCountMultiplier: 4
  m_LightingDataAsset: {fileID: 0}
  m_LightingSettings: {fileID: 0}
--- !u!196 &4
NavMeshSettings:
  serializedVersion: 2
  m_ObjectHideFlags: 0
  m_BuildSettings:
    serializedVersion: 2
    agentTypeID: 0
    agentRadius: 0.5
    agentHeight: 2
    agentSlope: 45
    agentClimb: 0.4
    ledgeDropHeight: 0
    maxJumpAcrossDistance: 0
    minRegionArea: 2
    manualCellSize: 0
    cellSize: 0.16666667
    manualTileSize: 0
    tileSize: 256
    accuratePlacement: 0
    maxJobWorkers: 0
    preserveTilesOutsideBounds: 0
    debug:
      m_Flags: 0
  m_NavMeshData: {fileID: 0}
--- !u!1 &145532852
GameObject:
  m_ObjectHideFlags: 0
  m_CorrespondingSourceObject: {fileID: 0}
  m_PrefabInstance: {fileID: 0}
  m_PrefabAsset: {fileID: 0}
  serializedVersion: 6
  m_Component:
  - component: {fileID: 145532856}
  - component: {fileID: 145532855}
  - component: {fileID: 145532854}
  - component: {fileID: 145532853}
  m_Layer: 5
  m_Name: CanvasCards
  m_TagString: Untagged
  m_Icon: {fileID: 0}
  m_NavMeshLayer: 0
  m_StaticEditorFlags: 0
  m_IsActive: 1
--- !u!114 &145532853
MonoBehaviour:
  m_ObjectHideFlags: 0
  m_CorrespondingSourceObject: {fileID: 0}
  m_PrefabInstance: {fileID: 0}
  m_PrefabAsset: {fileID: 0}
  m_GameObject: {fileID: 145532852}
  m_Enabled: 1
  m_EditorHideFlags: 0
  m_Script: {fileID: 11500000, guid: dc42784cf147c0c48a680349fa168899, type: 3}
  m_Name: 
  m_EditorClassIdentifier: 
  m_IgnoreReversedGraphics: 1
  m_BlockingObjects: 0
  m_BlockingMask:
    serializedVersion: 2
    m_Bits: 4294967295
--- !u!114 &145532854
MonoBehaviour:
  m_ObjectHideFlags: 0
  m_CorrespondingSourceObject: {fileID: 0}
  m_PrefabInstance: {fileID: 0}
  m_PrefabAsset: {fileID: 0}
  m_GameObject: {fileID: 145532852}
  m_Enabled: 1
  m_EditorHideFlags: 0
  m_Script: {fileID: 11500000, guid: 0cd44c1031e13a943bb63640046fad76, type: 3}
  m_Name: 
  m_EditorClassIdentifier: 
  m_UiScaleMode: 1
  m_ReferencePixelsPerUnit: 100
  m_ScaleFactor: 1
  m_ReferenceResolution: {x: 2340, y: 1080}
  m_ScreenMatchMode: 0
  m_MatchWidthOrHeight: 1
  m_PhysicalUnit: 3
  m_FallbackScreenDPI: 96
  m_DefaultSpriteDPI: 96
  m_DynamicPixelsPerUnit: 1
  m_PresetInfoIsWorld: 0
--- !u!223 &145532855
Canvas:
  m_ObjectHideFlags: 0
  m_CorrespondingSourceObject: {fileID: 0}
  m_PrefabInstance: {fileID: 0}
  m_PrefabAsset: {fileID: 0}
  m_GameObject: {fileID: 145532852}
  m_Enabled: 1
  serializedVersion: 3
  m_RenderMode: 0
  m_Camera: {fileID: 0}
  m_PlaneDistance: 100
  m_PixelPerfect: 0
  m_ReceivesEvents: 1
  m_OverrideSorting: 0
  m_OverridePixelPerfect: 0
  m_SortingBucketNormalizedSize: 0
  m_AdditionalShaderChannelsFlag: 0
  m_SortingLayerID: 0
  m_SortingOrder: 0
  m_TargetDisplay: 0
--- !u!224 &145532856
RectTransform:
  m_ObjectHideFlags: 0
  m_CorrespondingSourceObject: {fileID: 0}
  m_PrefabInstance: {fileID: 0}
  m_PrefabAsset: {fileID: 0}
  m_GameObject: {fileID: 145532852}
  m_LocalRotation: {x: 0, y: 0, z: 0, w: 1}
  m_LocalPosition: {x: 0, y: 0, z: 0}
  m_LocalScale: {x: 0, y: 0, z: 0}
  m_Children:
  - {fileID: 1794159617}
  - {fileID: 1932803492}
  - {fileID: 1693599695}
  m_Father: {fileID: 0}
  m_RootOrder: 4
  m_LocalEulerAnglesHint: {x: 0, y: 0, z: 0}
  m_AnchorMin: {x: 0, y: 0}
  m_AnchorMax: {x: 0, y: 0}
  m_AnchoredPosition: {x: 0, y: 0}
  m_SizeDelta: {x: 0, y: 0}
  m_Pivot: {x: 0, y: 0}
--- !u!1 &147806649
GameObject:
  m_ObjectHideFlags: 0
  m_CorrespondingSourceObject: {fileID: 0}
  m_PrefabInstance: {fileID: 0}
  m_PrefabAsset: {fileID: 0}
  serializedVersion: 6
  m_Component:
  - component: {fileID: 147806652}
  - component: {fileID: 147806651}
  - component: {fileID: 147806650}
  m_Layer: 0
  m_Name: EventSystem
  m_TagString: Untagged
  m_Icon: {fileID: 0}
  m_NavMeshLayer: 0
  m_StaticEditorFlags: 0
  m_IsActive: 1
--- !u!114 &147806650
MonoBehaviour:
  m_ObjectHideFlags: 0
  m_CorrespondingSourceObject: {fileID: 0}
  m_PrefabInstance: {fileID: 0}
  m_PrefabAsset: {fileID: 0}
  m_GameObject: {fileID: 147806649}
  m_Enabled: 1
  m_EditorHideFlags: 0
  m_Script: {fileID: 11500000, guid: 4f231c4fb786f3946a6b90b886c48677, type: 3}
  m_Name: 
  m_EditorClassIdentifier: 
  m_HorizontalAxis: Horizontal
  m_VerticalAxis: Vertical
  m_SubmitButton: Submit
  m_CancelButton: Cancel
  m_InputActionsPerSecond: 10
  m_RepeatDelay: 0.5
  m_ForceModuleActive: 0
--- !u!114 &147806651
MonoBehaviour:
  m_ObjectHideFlags: 0
  m_CorrespondingSourceObject: {fileID: 0}
  m_PrefabInstance: {fileID: 0}
  m_PrefabAsset: {fileID: 0}
  m_GameObject: {fileID: 147806649}
  m_Enabled: 1
  m_EditorHideFlags: 0
  m_Script: {fileID: 11500000, guid: 76c392e42b5098c458856cdf6ecaaaa1, type: 3}
  m_Name: 
  m_EditorClassIdentifier: 
  m_FirstSelected: {fileID: 0}
  m_sendNavigationEvents: 1
  m_DragThreshold: 10
--- !u!4 &147806652
Transform:
  m_ObjectHideFlags: 0
  m_CorrespondingSourceObject: {fileID: 0}
  m_PrefabInstance: {fileID: 0}
  m_PrefabAsset: {fileID: 0}
  m_GameObject: {fileID: 147806649}
  m_LocalRotation: {x: 0, y: 0, z: 0, w: 1}
  m_LocalPosition: {x: 0, y: 0, z: 0}
  m_LocalScale: {x: 1, y: 1, z: 1}
  m_Children: []
  m_Father: {fileID: 0}
  m_RootOrder: 3
  m_LocalEulerAnglesHint: {x: 0, y: 0, z: 0}
--- !u!1 &288967629
GameObject:
  m_ObjectHideFlags: 0
  m_CorrespondingSourceObject: {fileID: 0}
  m_PrefabInstance: {fileID: 0}
  m_PrefabAsset: {fileID: 0}
  serializedVersion: 6
  m_Component:
  - component: {fileID: 288967630}
  - component: {fileID: 288967633}
  - component: {fileID: 288967632}
  - component: {fileID: 288967631}
  m_Layer: 5
  m_Name: Pausa
  m_TagString: Untagged
  m_Icon: {fileID: 0}
  m_NavMeshLayer: 0
  m_StaticEditorFlags: 0
  m_IsActive: 1
--- !u!224 &288967630
RectTransform:
  m_ObjectHideFlags: 0
  m_CorrespondingSourceObject: {fileID: 0}
  m_PrefabInstance: {fileID: 0}
  m_PrefabAsset: {fileID: 0}
  m_GameObject: {fileID: 288967629}
  m_LocalRotation: {x: -0, y: -0, z: -0, w: 1}
  m_LocalPosition: {x: 0, y: 0, z: 0}
  m_LocalScale: {x: 1, y: 1, z: 1}
  m_Children: []
  m_Father: {fileID: 1166430109}
  m_RootOrder: 2
  m_LocalEulerAnglesHint: {x: 0, y: 0, z: 0}
  m_AnchorMin: {x: 1, y: 1}
  m_AnchorMax: {x: 1, y: 1}
  m_AnchoredPosition: {x: -100, y: -100}
  m_SizeDelta: {x: 150, y: 150}
  m_Pivot: {x: 0.5, y: 0.5}
--- !u!114 &288967631
MonoBehaviour:
  m_ObjectHideFlags: 0
  m_CorrespondingSourceObject: {fileID: 0}
  m_PrefabInstance: {fileID: 0}
  m_PrefabAsset: {fileID: 0}
  m_GameObject: {fileID: 288967629}
  m_Enabled: 1
  m_EditorHideFlags: 0
  m_Script: {fileID: 11500000, guid: 4e29b1a8efbd4b44bb3f3716e73f07ff, type: 3}
  m_Name: 
  m_EditorClassIdentifier: 
  m_Navigation:
    m_Mode: 3
    m_WrapAround: 0
    m_SelectOnUp: {fileID: 0}
    m_SelectOnDown: {fileID: 0}
    m_SelectOnLeft: {fileID: 0}
    m_SelectOnRight: {fileID: 0}
  m_Transition: 1
  m_Colors:
    m_NormalColor: {r: 1, g: 1, b: 1, a: 1}
    m_HighlightedColor: {r: 0.9607843, g: 0.9607843, b: 0.9607843, a: 1}
    m_PressedColor: {r: 0.78431374, g: 0.78431374, b: 0.78431374, a: 1}
    m_SelectedColor: {r: 0.9607843, g: 0.9607843, b: 0.9607843, a: 1}
    m_DisabledColor: {r: 0.78431374, g: 0.78431374, b: 0.78431374, a: 0.5019608}
    m_ColorMultiplier: 1
    m_FadeDuration: 0.1
  m_SpriteState:
    m_HighlightedSprite: {fileID: 0}
    m_PressedSprite: {fileID: 0}
    m_SelectedSprite: {fileID: 0}
    m_DisabledSprite: {fileID: 0}
  m_AnimationTriggers:
    m_NormalTrigger: Normal
    m_HighlightedTrigger: Highlighted
    m_PressedTrigger: Pressed
    m_SelectedTrigger: Selected
    m_DisabledTrigger: Disabled
  m_Interactable: 1
  m_TargetGraphic: {fileID: 288967632}
  m_OnClick:
    m_PersistentCalls:
      m_Calls: []
--- !u!114 &288967632
MonoBehaviour:
  m_ObjectHideFlags: 0
  m_CorrespondingSourceObject: {fileID: 0}
  m_PrefabInstance: {fileID: 0}
  m_PrefabAsset: {fileID: 0}
  m_GameObject: {fileID: 288967629}
  m_Enabled: 1
  m_EditorHideFlags: 0
  m_Script: {fileID: 11500000, guid: fe87c0e1cc204ed48ad3b37840f39efc, type: 3}
  m_Name: 
  m_EditorClassIdentifier: 
  m_Material: {fileID: 0}
  m_Color: {r: 1, g: 1, b: 1, a: 1}
  m_RaycastTarget: 1
  m_RaycastPadding: {x: 0, y: 0, z: 0, w: 0}
  m_Maskable: 0
  m_OnCullStateChanged:
    m_PersistentCalls:
      m_Calls: []
  m_Sprite: {fileID: 21300000, guid: 8129354f8bb351a4ca62041cda1688bd, type: 3}
  m_Type: 0
  m_PreserveAspect: 1
  m_FillCenter: 1
  m_FillMethod: 4
  m_FillAmount: 1
  m_FillClockwise: 1
  m_FillOrigin: 0
  m_UseSpriteMesh: 0
  m_PixelsPerUnitMultiplier: 1
--- !u!222 &288967633
CanvasRenderer:
  m_ObjectHideFlags: 0
  m_CorrespondingSourceObject: {fileID: 0}
  m_PrefabInstance: {fileID: 0}
  m_PrefabAsset: {fileID: 0}
  m_GameObject: {fileID: 288967629}
  m_CullTransparentMesh: 1
--- !u!1 &301399514
GameObject:
  m_ObjectHideFlags: 0
  m_CorrespondingSourceObject: {fileID: 0}
  m_PrefabInstance: {fileID: 0}
  m_PrefabAsset: {fileID: 0}
  serializedVersion: 6
  m_Component:
  - component: {fileID: 301399515}
  - component: {fileID: 301399517}
  - component: {fileID: 301399516}
  m_Layer: 5
  m_Name: Image
  m_TagString: Untagged
  m_Icon: {fileID: 0}
  m_NavMeshLayer: 0
  m_StaticEditorFlags: 0
  m_IsActive: 1
--- !u!224 &301399515
RectTransform:
  m_ObjectHideFlags: 0
  m_CorrespondingSourceObject: {fileID: 0}
  m_PrefabInstance: {fileID: 0}
  m_PrefabAsset: {fileID: 0}
  m_GameObject: {fileID: 301399514}
  m_LocalRotation: {x: 0, y: 0, z: 0, w: 1}
  m_LocalPosition: {x: 0, y: 0, z: 0}
  m_LocalScale: {x: 1, y: 1, z: 1}
  m_Children: []
  m_Father: {fileID: 1411708004}
  m_RootOrder: 0
  m_LocalEulerAnglesHint: {x: 0, y: 0, z: 0}
  m_AnchorMin: {x: 0.18888889, y: 0.2}
  m_AnchorMax: {x: 0.8055556, y: 0.80555546}
  m_AnchoredPosition: {x: 0.5, y: -0.5}
  m_SizeDelta: {x: -1, y: 1}
  m_Pivot: {x: 0.5, y: 0.5}
--- !u!114 &301399516
MonoBehaviour:
  m_ObjectHideFlags: 0
  m_CorrespondingSourceObject: {fileID: 0}
  m_PrefabInstance: {fileID: 0}
  m_PrefabAsset: {fileID: 0}
  m_GameObject: {fileID: 301399514}
  m_Enabled: 1
  m_EditorHideFlags: 0
  m_Script: {fileID: 11500000, guid: fe87c0e1cc204ed48ad3b37840f39efc, type: 3}
  m_Name: 
  m_EditorClassIdentifier: 
  m_Material: {fileID: 0}
  m_Color: {r: 1, g: 1, b: 1, a: 1}
  m_RaycastTarget: 0
  m_RaycastPadding: {x: 0, y: 0, z: 0, w: 0}
  m_Maskable: 1
  m_OnCullStateChanged:
    m_PersistentCalls:
      m_Calls: []
  m_Sprite: {fileID: 0}
  m_Type: 0
  m_PreserveAspect: 1
  m_FillCenter: 1
  m_FillMethod: 4
  m_FillAmount: 1
  m_FillClockwise: 1
  m_FillOrigin: 0
  m_UseSpriteMesh: 0
  m_PixelsPerUnitMultiplier: 1
--- !u!222 &301399517
CanvasRenderer:
  m_ObjectHideFlags: 0
  m_CorrespondingSourceObject: {fileID: 0}
  m_PrefabInstance: {fileID: 0}
  m_PrefabAsset: {fileID: 0}
  m_GameObject: {fileID: 301399514}
  m_CullTransparentMesh: 1
--- !u!1001 &546538383
PrefabInstance:
  m_ObjectHideFlags: 0
  serializedVersion: 2
  m_Modification:
    m_TransformParent: {fileID: 1566972977}
    m_Modifications:
    - target: {fileID: 4705958044336188045, guid: 0ca6dcdea52dc2242a5bb525d5a762f8, type: 3}
      propertyPath: m_Name
      value: ScoreHUD
      objectReference: {fileID: 0}
    - target: {fileID: 4705958044336188046, guid: 0ca6dcdea52dc2242a5bb525d5a762f8, type: 3}
      propertyPath: m_Pivot.x
      value: 0.5
      objectReference: {fileID: 0}
    - target: {fileID: 4705958044336188046, guid: 0ca6dcdea52dc2242a5bb525d5a762f8, type: 3}
      propertyPath: m_Pivot.y
      value: 0.5
      objectReference: {fileID: 0}
    - target: {fileID: 4705958044336188046, guid: 0ca6dcdea52dc2242a5bb525d5a762f8, type: 3}
      propertyPath: m_RootOrder
      value: 2
      objectReference: {fileID: 0}
    - target: {fileID: 4705958044336188046, guid: 0ca6dcdea52dc2242a5bb525d5a762f8, type: 3}
      propertyPath: m_AnchorMax.x
      value: 0.5
      objectReference: {fileID: 0}
    - target: {fileID: 4705958044336188046, guid: 0ca6dcdea52dc2242a5bb525d5a762f8, type: 3}
      propertyPath: m_AnchorMax.y
      value: 1
      objectReference: {fileID: 0}
    - target: {fileID: 4705958044336188046, guid: 0ca6dcdea52dc2242a5bb525d5a762f8, type: 3}
      propertyPath: m_AnchorMin.x
      value: 0.5
      objectReference: {fileID: 0}
    - target: {fileID: 4705958044336188046, guid: 0ca6dcdea52dc2242a5bb525d5a762f8, type: 3}
      propertyPath: m_AnchorMin.y
      value: 1
      objectReference: {fileID: 0}
    - target: {fileID: 4705958044336188046, guid: 0ca6dcdea52dc2242a5bb525d5a762f8, type: 3}
      propertyPath: m_SizeDelta.x
      value: 314
      objectReference: {fileID: 0}
    - target: {fileID: 4705958044336188046, guid: 0ca6dcdea52dc2242a5bb525d5a762f8, type: 3}
      propertyPath: m_SizeDelta.y
      value: 106
      objectReference: {fileID: 0}
    - target: {fileID: 4705958044336188046, guid: 0ca6dcdea52dc2242a5bb525d5a762f8, type: 3}
      propertyPath: m_LocalPosition.x
      value: 0
      objectReference: {fileID: 0}
    - target: {fileID: 4705958044336188046, guid: 0ca6dcdea52dc2242a5bb525d5a762f8, type: 3}
      propertyPath: m_LocalPosition.y
      value: 0
      objectReference: {fileID: 0}
    - target: {fileID: 4705958044336188046, guid: 0ca6dcdea52dc2242a5bb525d5a762f8, type: 3}
      propertyPath: m_LocalPosition.z
      value: 0
      objectReference: {fileID: 0}
    - target: {fileID: 4705958044336188046, guid: 0ca6dcdea52dc2242a5bb525d5a762f8, type: 3}
      propertyPath: m_LocalRotation.w
      value: 1
      objectReference: {fileID: 0}
    - target: {fileID: 4705958044336188046, guid: 0ca6dcdea52dc2242a5bb525d5a762f8, type: 3}
      propertyPath: m_LocalRotation.x
      value: -0
      objectReference: {fileID: 0}
    - target: {fileID: 4705958044336188046, guid: 0ca6dcdea52dc2242a5bb525d5a762f8, type: 3}
      propertyPath: m_LocalRotation.y
      value: -0
      objectReference: {fileID: 0}
    - target: {fileID: 4705958044336188046, guid: 0ca6dcdea52dc2242a5bb525d5a762f8, type: 3}
      propertyPath: m_LocalRotation.z
      value: -0
      objectReference: {fileID: 0}
    - target: {fileID: 4705958044336188046, guid: 0ca6dcdea52dc2242a5bb525d5a762f8, type: 3}
      propertyPath: m_AnchoredPosition.x
      value: 600
      objectReference: {fileID: 0}
    - target: {fileID: 4705958044336188046, guid: 0ca6dcdea52dc2242a5bb525d5a762f8, type: 3}
      propertyPath: m_AnchoredPosition.y
      value: -100
      objectReference: {fileID: 0}
    - target: {fileID: 4705958044336188046, guid: 0ca6dcdea52dc2242a5bb525d5a762f8, type: 3}
      propertyPath: m_LocalEulerAnglesHint.x
      value: 0
      objectReference: {fileID: 0}
    - target: {fileID: 4705958044336188046, guid: 0ca6dcdea52dc2242a5bb525d5a762f8, type: 3}
      propertyPath: m_LocalEulerAnglesHint.y
      value: 0
      objectReference: {fileID: 0}
    - target: {fileID: 4705958044336188046, guid: 0ca6dcdea52dc2242a5bb525d5a762f8, type: 3}
      propertyPath: m_LocalEulerAnglesHint.z
      value: 0
      objectReference: {fileID: 0}
    m_RemovedComponents: []
  m_SourcePrefab: {fileID: 100100000, guid: 0ca6dcdea52dc2242a5bb525d5a762f8, type: 3}
--- !u!224 &546538384 stripped
RectTransform:
  m_CorrespondingSourceObject: {fileID: 4705958044336188046, guid: 0ca6dcdea52dc2242a5bb525d5a762f8, type: 3}
  m_PrefabInstance: {fileID: 546538383}
  m_PrefabAsset: {fileID: 0}
--- !u!114 &546538385 stripped
MonoBehaviour:
  m_CorrespondingSourceObject: {fileID: 1272738784221778465, guid: 0ca6dcdea52dc2242a5bb525d5a762f8, type: 3}
  m_PrefabInstance: {fileID: 546538383}
  m_PrefabAsset: {fileID: 0}
  m_GameObject: {fileID: 0}
  m_Enabled: 1
  m_EditorHideFlags: 0
  m_Script: {fileID: 11500000, guid: 82edc68340f75b748ae805fda8667aa7, type: 3}
  m_Name: 
  m_EditorClassIdentifier: 
--- !u!1 &790910570
GameObject:
  m_ObjectHideFlags: 0
  m_CorrespondingSourceObject: {fileID: 0}
  m_PrefabInstance: {fileID: 0}
  m_PrefabAsset: {fileID: 0}
  serializedVersion: 6
  m_Component:
  - component: {fileID: 790910573}
  - component: {fileID: 790910572}
  - component: {fileID: 790910571}
  m_Layer: 0
  m_Name: Main Camera
  m_TagString: MainCamera
  m_Icon: {fileID: 0}
  m_NavMeshLayer: 0
  m_StaticEditorFlags: 0
  m_IsActive: 1
--- !u!81 &790910571
AudioListener:
  m_ObjectHideFlags: 0
  m_CorrespondingSourceObject: {fileID: 0}
  m_PrefabInstance: {fileID: 0}
  m_PrefabAsset: {fileID: 0}
  m_GameObject: {fileID: 790910570}
  m_Enabled: 1
--- !u!20 &790910572
Camera:
  m_ObjectHideFlags: 0
  m_CorrespondingSourceObject: {fileID: 0}
  m_PrefabInstance: {fileID: 0}
  m_PrefabAsset: {fileID: 0}
  m_GameObject: {fileID: 790910570}
  m_Enabled: 1
  serializedVersion: 2
  m_ClearFlags: 2
  m_BackGroundColor: {r: 0, g: 0, b: 0, a: 0}
  m_projectionMatrixMode: 1
  m_GateFitMode: 2
  m_FOVAxisMode: 0
  m_SensorSize: {x: 36, y: 24}
  m_LensShift: {x: 0, y: 0}
  m_FocalLength: 50
  m_NormalizedViewPortRect:
    serializedVersion: 2
    x: 0
    y: 0
    width: 1
    height: 1
  near clip plane: 0.3
  far clip plane: 1000
  field of view: 60
  orthographic: 1
  orthographic size: 5
  m_Depth: -1
  m_CullingMask:
    serializedVersion: 2
    m_Bits: 4294967295
  m_RenderingPath: -1
  m_TargetTexture: {fileID: 0}
  m_TargetDisplay: 0
  m_TargetEye: 3
  m_HDR: 1
  m_AllowMSAA: 1
  m_AllowDynamicResolution: 0
  m_ForceIntoRT: 0
  m_OcclusionCulling: 1
  m_StereoConvergence: 10
  m_StereoSeparation: 0.022
--- !u!4 &790910573
Transform:
  m_ObjectHideFlags: 0
  m_CorrespondingSourceObject: {fileID: 0}
  m_PrefabInstance: {fileID: 0}
  m_PrefabAsset: {fileID: 0}
  m_GameObject: {fileID: 790910570}
  m_LocalRotation: {x: 0, y: 0, z: 0, w: 1}
  m_LocalPosition: {x: 0, y: 0, z: -10}
  m_LocalScale: {x: 1, y: 1, z: 1}
  m_Children: []
  m_Father: {fileID: 0}
  m_RootOrder: 2
  m_LocalEulerAnglesHint: {x: 0, y: 0, z: 0}
--- !u!1001 &918778103
PrefabInstance:
  m_ObjectHideFlags: 0
  serializedVersion: 2
  m_Modification:
    m_TransformParent: {fileID: 1566972977}
    m_Modifications:
    - target: {fileID: 5119613576992550914, guid: 6a1aef330d3f13642913d2e4f9ff0735, type: 3}
      propertyPath: m_Name
      value: TimerHUD
      objectReference: {fileID: 0}
    - target: {fileID: 5119613576992550915, guid: 6a1aef330d3f13642913d2e4f9ff0735, type: 3}
      propertyPath: m_Pivot.x
      value: 0.5
      objectReference: {fileID: 0}
    - target: {fileID: 5119613576992550915, guid: 6a1aef330d3f13642913d2e4f9ff0735, type: 3}
      propertyPath: m_Pivot.y
      value: 0.5
      objectReference: {fileID: 0}
    - target: {fileID: 5119613576992550915, guid: 6a1aef330d3f13642913d2e4f9ff0735, type: 3}
      propertyPath: m_RootOrder
      value: 0
      objectReference: {fileID: 0}
    - target: {fileID: 5119613576992550915, guid: 6a1aef330d3f13642913d2e4f9ff0735, type: 3}
      propertyPath: m_AnchorMax.x
      value: 0.5
      objectReference: {fileID: 0}
    - target: {fileID: 5119613576992550915, guid: 6a1aef330d3f13642913d2e4f9ff0735, type: 3}
      propertyPath: m_AnchorMax.y
      value: 1
      objectReference: {fileID: 0}
    - target: {fileID: 5119613576992550915, guid: 6a1aef330d3f13642913d2e4f9ff0735, type: 3}
      propertyPath: m_AnchorMin.x
      value: 0.5
      objectReference: {fileID: 0}
    - target: {fileID: 5119613576992550915, guid: 6a1aef330d3f13642913d2e4f9ff0735, type: 3}
      propertyPath: m_AnchorMin.y
      value: 1
      objectReference: {fileID: 0}
    - target: {fileID: 5119613576992550915, guid: 6a1aef330d3f13642913d2e4f9ff0735, type: 3}
      propertyPath: m_SizeDelta.x
      value: 314
      objectReference: {fileID: 0}
    - target: {fileID: 5119613576992550915, guid: 6a1aef330d3f13642913d2e4f9ff0735, type: 3}
      propertyPath: m_SizeDelta.y
      value: 106
      objectReference: {fileID: 0}
    - target: {fileID: 5119613576992550915, guid: 6a1aef330d3f13642913d2e4f9ff0735, type: 3}
      propertyPath: m_LocalPosition.x
      value: 0
      objectReference: {fileID: 0}
    - target: {fileID: 5119613576992550915, guid: 6a1aef330d3f13642913d2e4f9ff0735, type: 3}
      propertyPath: m_LocalPosition.y
      value: 0
      objectReference: {fileID: 0}
    - target: {fileID: 5119613576992550915, guid: 6a1aef330d3f13642913d2e4f9ff0735, type: 3}
      propertyPath: m_LocalPosition.z
      value: 0
      objectReference: {fileID: 0}
    - target: {fileID: 5119613576992550915, guid: 6a1aef330d3f13642913d2e4f9ff0735, type: 3}
      propertyPath: m_LocalRotation.w
      value: 1
      objectReference: {fileID: 0}
    - target: {fileID: 5119613576992550915, guid: 6a1aef330d3f13642913d2e4f9ff0735, type: 3}
      propertyPath: m_LocalRotation.x
      value: -0
      objectReference: {fileID: 0}
    - target: {fileID: 5119613576992550915, guid: 6a1aef330d3f13642913d2e4f9ff0735, type: 3}
      propertyPath: m_LocalRotation.y
      value: -0
      objectReference: {fileID: 0}
    - target: {fileID: 5119613576992550915, guid: 6a1aef330d3f13642913d2e4f9ff0735, type: 3}
      propertyPath: m_LocalRotation.z
      value: -0
      objectReference: {fileID: 0}
    - target: {fileID: 5119613576992550915, guid: 6a1aef330d3f13642913d2e4f9ff0735, type: 3}
      propertyPath: m_AnchoredPosition.x
      value: -600
      objectReference: {fileID: 0}
    - target: {fileID: 5119613576992550915, guid: 6a1aef330d3f13642913d2e4f9ff0735, type: 3}
      propertyPath: m_AnchoredPosition.y
      value: -100
      objectReference: {fileID: 0}
    - target: {fileID: 5119613576992550915, guid: 6a1aef330d3f13642913d2e4f9ff0735, type: 3}
      propertyPath: m_LocalEulerAnglesHint.x
      value: 0
      objectReference: {fileID: 0}
    - target: {fileID: 5119613576992550915, guid: 6a1aef330d3f13642913d2e4f9ff0735, type: 3}
      propertyPath: m_LocalEulerAnglesHint.y
      value: 0
      objectReference: {fileID: 0}
    - target: {fileID: 5119613576992550915, guid: 6a1aef330d3f13642913d2e4f9ff0735, type: 3}
      propertyPath: m_LocalEulerAnglesHint.z
      value: 0
      objectReference: {fileID: 0}
    m_RemovedComponents: []
  m_SourcePrefab: {fileID: 100100000, guid: 6a1aef330d3f13642913d2e4f9ff0735, type: 3}
--- !u!224 &918778104 stripped
RectTransform:
  m_CorrespondingSourceObject: {fileID: 5119613576992550915, guid: 6a1aef330d3f13642913d2e4f9ff0735, type: 3}
  m_PrefabInstance: {fileID: 918778103}
  m_PrefabAsset: {fileID: 0}
--- !u!114 &918778105 stripped
MonoBehaviour:
  m_CorrespondingSourceObject: {fileID: 5119613576992550926, guid: 6a1aef330d3f13642913d2e4f9ff0735, type: 3}
  m_PrefabInstance: {fileID: 918778103}
  m_PrefabAsset: {fileID: 0}
  m_GameObject: {fileID: 0}
  m_Enabled: 1
  m_EditorHideFlags: 0
  m_Script: {fileID: 11500000, guid: 7fed17bce9b87274195171501bb64d98, type: 3}
  m_Name: 
  m_EditorClassIdentifier: 
--- !u!1001 &922816531
PrefabInstance:
  m_ObjectHideFlags: 0
  serializedVersion: 2
  m_Modification:
    m_TransformParent: {fileID: 1566972977}
    m_Modifications:
    - target: {fileID: 7668640328554155534, guid: e54384e248ab44946bcd41ddefe8e537, type: 3}
      propertyPath: m_Name
      value: HealthHUD
      objectReference: {fileID: 0}
    - target: {fileID: 7668640328554155535, guid: e54384e248ab44946bcd41ddefe8e537, type: 3}
      propertyPath: m_Pivot.x
      value: 0.5
      objectReference: {fileID: 0}
    - target: {fileID: 7668640328554155535, guid: e54384e248ab44946bcd41ddefe8e537, type: 3}
      propertyPath: m_Pivot.y
      value: 0.5
      objectReference: {fileID: 0}
    - target: {fileID: 7668640328554155535, guid: e54384e248ab44946bcd41ddefe8e537, type: 3}
      propertyPath: m_RootOrder
      value: 1
      objectReference: {fileID: 0}
    - target: {fileID: 7668640328554155535, guid: e54384e248ab44946bcd41ddefe8e537, type: 3}
      propertyPath: m_AnchorMax.x
      value: 0.5
      objectReference: {fileID: 0}
    - target: {fileID: 7668640328554155535, guid: e54384e248ab44946bcd41ddefe8e537, type: 3}
      propertyPath: m_AnchorMax.y
      value: 1
      objectReference: {fileID: 0}
    - target: {fileID: 7668640328554155535, guid: e54384e248ab44946bcd41ddefe8e537, type: 3}
      propertyPath: m_AnchorMin.x
      value: 0.5
      objectReference: {fileID: 0}
    - target: {fileID: 7668640328554155535, guid: e54384e248ab44946bcd41ddefe8e537, type: 3}
      propertyPath: m_AnchorMin.y
      value: 1
      objectReference: {fileID: 0}
    - target: {fileID: 7668640328554155535, guid: e54384e248ab44946bcd41ddefe8e537, type: 3}
      propertyPath: m_SizeDelta.x
      value: 314
      objectReference: {fileID: 0}
    - target: {fileID: 7668640328554155535, guid: e54384e248ab44946bcd41ddefe8e537, type: 3}
      propertyPath: m_SizeDelta.y
      value: 106
      objectReference: {fileID: 0}
    - target: {fileID: 7668640328554155535, guid: e54384e248ab44946bcd41ddefe8e537, type: 3}
      propertyPath: m_LocalPosition.x
      value: 0
      objectReference: {fileID: 0}
    - target: {fileID: 7668640328554155535, guid: e54384e248ab44946bcd41ddefe8e537, type: 3}
      propertyPath: m_LocalPosition.y
      value: 0
      objectReference: {fileID: 0}
    - target: {fileID: 7668640328554155535, guid: e54384e248ab44946bcd41ddefe8e537, type: 3}
      propertyPath: m_LocalPosition.z
      value: 0
      objectReference: {fileID: 0}
    - target: {fileID: 7668640328554155535, guid: e54384e248ab44946bcd41ddefe8e537, type: 3}
      propertyPath: m_LocalRotation.w
      value: 1
      objectReference: {fileID: 0}
    - target: {fileID: 7668640328554155535, guid: e54384e248ab44946bcd41ddefe8e537, type: 3}
      propertyPath: m_LocalRotation.x
      value: -0
      objectReference: {fileID: 0}
    - target: {fileID: 7668640328554155535, guid: e54384e248ab44946bcd41ddefe8e537, type: 3}
      propertyPath: m_LocalRotation.y
      value: -0
      objectReference: {fileID: 0}
    - target: {fileID: 7668640328554155535, guid: e54384e248ab44946bcd41ddefe8e537, type: 3}
      propertyPath: m_LocalRotation.z
      value: -0
      objectReference: {fileID: 0}
    - target: {fileID: 7668640328554155535, guid: e54384e248ab44946bcd41ddefe8e537, type: 3}
      propertyPath: m_AnchoredPosition.x
      value: 0
      objectReference: {fileID: 0}
    - target: {fileID: 7668640328554155535, guid: e54384e248ab44946bcd41ddefe8e537, type: 3}
      propertyPath: m_AnchoredPosition.y
      value: -100
      objectReference: {fileID: 0}
    - target: {fileID: 7668640328554155535, guid: e54384e248ab44946bcd41ddefe8e537, type: 3}
      propertyPath: m_LocalEulerAnglesHint.x
      value: 0
      objectReference: {fileID: 0}
    - target: {fileID: 7668640328554155535, guid: e54384e248ab44946bcd41ddefe8e537, type: 3}
      propertyPath: m_LocalEulerAnglesHint.y
      value: 0
      objectReference: {fileID: 0}
    - target: {fileID: 7668640328554155535, guid: e54384e248ab44946bcd41ddefe8e537, type: 3}
      propertyPath: m_LocalEulerAnglesHint.z
      value: 0
      objectReference: {fileID: 0}
    - target: {fileID: 7668640329996126479, guid: e54384e248ab44946bcd41ddefe8e537, type: 3}
      propertyPath: m_AnchorMax.x
      value: 0
      objectReference: {fileID: 0}
    - target: {fileID: 7668640329996126479, guid: e54384e248ab44946bcd41ddefe8e537, type: 3}
      propertyPath: m_AnchorMax.y
      value: 0
      objectReference: {fileID: 0}
    m_RemovedComponents: []
  m_SourcePrefab: {fileID: 100100000, guid: e54384e248ab44946bcd41ddefe8e537, type: 3}
--- !u!224 &922816532 stripped
RectTransform:
  m_CorrespondingSourceObject: {fileID: 7668640328554155535, guid: e54384e248ab44946bcd41ddefe8e537, type: 3}
  m_PrefabInstance: {fileID: 922816531}
  m_PrefabAsset: {fileID: 0}
--- !u!114 &922816533 stripped
MonoBehaviour:
  m_CorrespondingSourceObject: {fileID: 3704180932440742705, guid: e54384e248ab44946bcd41ddefe8e537, type: 3}
  m_PrefabInstance: {fileID: 922816531}
  m_PrefabAsset: {fileID: 0}
  m_GameObject: {fileID: 0}
  m_Enabled: 1
  m_EditorHideFlags: 0
  m_Script: {fileID: 11500000, guid: 5a271c2c98dd4dc4e9deea252b3d7daa, type: 3}
  m_Name: 
  m_EditorClassIdentifier: 
--- !u!1 &981439379
GameObject:
  m_ObjectHideFlags: 0
  m_CorrespondingSourceObject: {fileID: 0}
  m_PrefabInstance: {fileID: 0}
  m_PrefabAsset: {fileID: 0}
  serializedVersion: 6
  m_Component:
  - component: {fileID: 981439380}
  - component: {fileID: 981439381}
  m_Layer: 5
  m_Name: Game
  m_TagString: Untagged
  m_Icon: {fileID: 0}
  m_NavMeshLayer: 0
  m_StaticEditorFlags: 0
  m_IsActive: 1
--- !u!224 &981439380
RectTransform:
  m_ObjectHideFlags: 0
  m_CorrespondingSourceObject: {fileID: 0}
  m_PrefabInstance: {fileID: 0}
  m_PrefabAsset: {fileID: 0}
  m_GameObject: {fileID: 981439379}
  m_LocalRotation: {x: 0, y: 0, z: 0, w: 1}
  m_LocalPosition: {x: 0, y: 0, z: 0}
  m_LocalScale: {x: 0.9, y: 0.9, z: 0.9}
  m_Children: []
  m_Father: {fileID: 1166430109}
  m_RootOrder: 0
  m_LocalEulerAnglesHint: {x: 0, y: 0, z: 0}
  m_AnchorMin: {x: 0, y: 0}
  m_AnchorMax: {x: 0, y: 0}
  m_AnchoredPosition: {x: 0, y: 0}
  m_SizeDelta: {x: 0, y: 0}
  m_Pivot: {x: 0, y: 0}
--- !u!223 &981439381
Canvas:
  m_ObjectHideFlags: 0
  m_CorrespondingSourceObject: {fileID: 0}
  m_PrefabInstance: {fileID: 0}
  m_PrefabAsset: {fileID: 0}
  m_GameObject: {fileID: 981439379}
  m_Enabled: 1
  serializedVersion: 3
  m_RenderMode: 0
  m_Camera: {fileID: 0}
  m_PlaneDistance: 100
  m_PixelPerfect: 0
  m_ReceivesEvents: 1
  m_OverrideSorting: 0
  m_OverridePixelPerfect: 0
  m_SortingBucketNormalizedSize: 0
  m_AdditionalShaderChannelsFlag: 0
  m_SortingLayerID: 0
  m_SortingOrder: 0
  m_TargetDisplay: 0
--- !u!1001 &1055783394
PrefabInstance:
  m_ObjectHideFlags: 0
  serializedVersion: 2
  m_Modification:
    m_TransformParent: {fileID: 1166430109}
    m_Modifications:
    - target: {fileID: 1265501434, guid: 4bed30029b542e74eae3dca60de1cec3, type: 3}
      propertyPath: m_AnchorMax.y
      value: 0
      objectReference: {fileID: 0}
    - target: {fileID: 1265501434, guid: 4bed30029b542e74eae3dca60de1cec3, type: 3}
      propertyPath: m_AnchorMin.y
      value: 0
      objectReference: {fileID: 0}
    - target: {fileID: 1265501434, guid: 4bed30029b542e74eae3dca60de1cec3, type: 3}
      propertyPath: m_AnchoredPosition.x
      value: 0
      objectReference: {fileID: 0}
    - target: {fileID: 1265501434, guid: 4bed30029b542e74eae3dca60de1cec3, type: 3}
      propertyPath: m_AnchoredPosition.y
      value: 0
      objectReference: {fileID: 0}
    - target: {fileID: 959826840819676723, guid: 4bed30029b542e74eae3dca60de1cec3, type: 3}
      propertyPath: m_AnchorMax.y
      value: 0
      objectReference: {fileID: 0}
    - target: {fileID: 959826840819676723, guid: 4bed30029b542e74eae3dca60de1cec3, type: 3}
      propertyPath: m_AnchorMin.y
      value: 0
      objectReference: {fileID: 0}
    - target: {fileID: 959826840819676723, guid: 4bed30029b542e74eae3dca60de1cec3, type: 3}
      propertyPath: m_AnchoredPosition.x
      value: 0
      objectReference: {fileID: 0}
    - target: {fileID: 959826840819676723, guid: 4bed30029b542e74eae3dca60de1cec3, type: 3}
      propertyPath: m_AnchoredPosition.y
      value: 0
      objectReference: {fileID: 0}
    - target: {fileID: 1218931691355266225, guid: 4bed30029b542e74eae3dca60de1cec3, type: 3}
      propertyPath: m_Type
      value: 2
      objectReference: {fileID: 0}
    - target: {fileID: 1218931691355266225, guid: 4bed30029b542e74eae3dca60de1cec3, type: 3}
      propertyPath: m_PixelsPerUnitMultiplier
      value: 0.5
      objectReference: {fileID: 0}
    - target: {fileID: 1921520887389082111, guid: 4bed30029b542e74eae3dca60de1cec3, type: 3}
      propertyPath: m_AnchorMax.y
      value: 0
      objectReference: {fileID: 0}
    - target: {fileID: 1921520887389082111, guid: 4bed30029b542e74eae3dca60de1cec3, type: 3}
      propertyPath: m_AnchorMin.y
      value: 0
      objectReference: {fileID: 0}
    - target: {fileID: 1921520887389082111, guid: 4bed30029b542e74eae3dca60de1cec3, type: 3}
      propertyPath: m_AnchoredPosition.x
      value: 0
      objectReference: {fileID: 0}
    - target: {fileID: 1921520887389082111, guid: 4bed30029b542e74eae3dca60de1cec3, type: 3}
      propertyPath: m_AnchoredPosition.y
      value: 0
      objectReference: {fileID: 0}
    - target: {fileID: 3288694458565932747, guid: 4bed30029b542e74eae3dca60de1cec3, type: 3}
      propertyPath: m_SizeDelta.y
      value: 0
      objectReference: {fileID: 0}
    - target: {fileID: 3613032342603728740, guid: 4bed30029b542e74eae3dca60de1cec3, type: 3}
      propertyPath: m_AnchorMax.x
      value: 0
      objectReference: {fileID: 0}
    - target: {fileID: 3613032342603728740, guid: 4bed30029b542e74eae3dca60de1cec3, type: 3}
      propertyPath: m_AnchorMax.y
      value: 0
      objectReference: {fileID: 0}
    - target: {fileID: 4913025679021498002, guid: 4bed30029b542e74eae3dca60de1cec3, type: 3}
      propertyPath: m_AnchorMax.y
      value: 0
      objectReference: {fileID: 0}
    - target: {fileID: 4913025679021498002, guid: 4bed30029b542e74eae3dca60de1cec3, type: 3}
      propertyPath: m_AnchorMin.y
      value: 0
      objectReference: {fileID: 0}
    - target: {fileID: 4913025679021498002, guid: 4bed30029b542e74eae3dca60de1cec3, type: 3}
      propertyPath: m_AnchoredPosition.x
      value: 0
      objectReference: {fileID: 0}
    - target: {fileID: 4913025679021498002, guid: 4bed30029b542e74eae3dca60de1cec3, type: 3}
      propertyPath: m_AnchoredPosition.y
      value: 0
      objectReference: {fileID: 0}
    - target: {fileID: 4913025679372231161, guid: 4bed30029b542e74eae3dca60de1cec3, type: 3}
      propertyPath: m_AnchorMax.y
      value: 0
      objectReference: {fileID: 0}
    - target: {fileID: 4913025679372231161, guid: 4bed30029b542e74eae3dca60de1cec3, type: 3}
      propertyPath: m_AnchorMin.y
      value: 0
      objectReference: {fileID: 0}
    - target: {fileID: 4913025679372231161, guid: 4bed30029b542e74eae3dca60de1cec3, type: 3}
      propertyPath: m_AnchoredPosition.x
      value: 0
      objectReference: {fileID: 0}
    - target: {fileID: 4913025679372231161, guid: 4bed30029b542e74eae3dca60de1cec3, type: 3}
      propertyPath: m_AnchoredPosition.y
      value: 0
      objectReference: {fileID: 0}
    - target: {fileID: 4913025679580763880, guid: 4bed30029b542e74eae3dca60de1cec3, type: 3}
      propertyPath: m_Name
      value: TriviaPopup
      objectReference: {fileID: 0}
    - target: {fileID: 4913025679580763880, guid: 4bed30029b542e74eae3dca60de1cec3, type: 3}
      propertyPath: m_IsActive
      value: 1
      objectReference: {fileID: 0}
    - target: {fileID: 4913025679580763881, guid: 4bed30029b542e74eae3dca60de1cec3, type: 3}
      propertyPath: m_Pivot.x
      value: 0.5
      objectReference: {fileID: 0}
    - target: {fileID: 4913025679580763881, guid: 4bed30029b542e74eae3dca60de1cec3, type: 3}
      propertyPath: m_Pivot.y
      value: 0.5
      objectReference: {fileID: 0}
    - target: {fileID: 4913025679580763881, guid: 4bed30029b542e74eae3dca60de1cec3, type: 3}
      propertyPath: m_RootOrder
      value: 3
      objectReference: {fileID: 0}
    - target: {fileID: 4913025679580763881, guid: 4bed30029b542e74eae3dca60de1cec3, type: 3}
      propertyPath: m_AnchorMax.x
      value: 1
      objectReference: {fileID: 0}
    - target: {fileID: 4913025679580763881, guid: 4bed30029b542e74eae3dca60de1cec3, type: 3}
      propertyPath: m_AnchorMax.y
      value: 1
      objectReference: {fileID: 0}
    - target: {fileID: 4913025679580763881, guid: 4bed30029b542e74eae3dca60de1cec3, type: 3}
      propertyPath: m_AnchorMin.x
      value: 0
      objectReference: {fileID: 0}
    - target: {fileID: 4913025679580763881, guid: 4bed30029b542e74eae3dca60de1cec3, type: 3}
      propertyPath: m_AnchorMin.y
      value: 0
      objectReference: {fileID: 0}
    - target: {fileID: 4913025679580763881, guid: 4bed30029b542e74eae3dca60de1cec3, type: 3}
      propertyPath: m_SizeDelta.x
      value: 0
      objectReference: {fileID: 0}
    - target: {fileID: 4913025679580763881, guid: 4bed30029b542e74eae3dca60de1cec3, type: 3}
      propertyPath: m_SizeDelta.y
      value: 0
      objectReference: {fileID: 0}
    - target: {fileID: 4913025679580763881, guid: 4bed30029b542e74eae3dca60de1cec3, type: 3}
      propertyPath: m_LocalPosition.x
      value: 0
      objectReference: {fileID: 0}
    - target: {fileID: 4913025679580763881, guid: 4bed30029b542e74eae3dca60de1cec3, type: 3}
      propertyPath: m_LocalPosition.y
      value: 0
      objectReference: {fileID: 0}
    - target: {fileID: 4913025679580763881, guid: 4bed30029b542e74eae3dca60de1cec3, type: 3}
      propertyPath: m_LocalPosition.z
      value: 0
      objectReference: {fileID: 0}
    - target: {fileID: 4913025679580763881, guid: 4bed30029b542e74eae3dca60de1cec3, type: 3}
      propertyPath: m_LocalRotation.w
      value: 1
      objectReference: {fileID: 0}
    - target: {fileID: 4913025679580763881, guid: 4bed30029b542e74eae3dca60de1cec3, type: 3}
      propertyPath: m_LocalRotation.x
      value: 0
      objectReference: {fileID: 0}
    - target: {fileID: 4913025679580763881, guid: 4bed30029b542e74eae3dca60de1cec3, type: 3}
      propertyPath: m_LocalRotation.y
      value: 0
      objectReference: {fileID: 0}
    - target: {fileID: 4913025679580763881, guid: 4bed30029b542e74eae3dca60de1cec3, type: 3}
      propertyPath: m_LocalRotation.z
      value: 0
      objectReference: {fileID: 0}
    - target: {fileID: 4913025679580763881, guid: 4bed30029b542e74eae3dca60de1cec3, type: 3}
      propertyPath: m_AnchoredPosition.x
      value: 0
      objectReference: {fileID: 0}
    - target: {fileID: 4913025679580763881, guid: 4bed30029b542e74eae3dca60de1cec3, type: 3}
      propertyPath: m_AnchoredPosition.y
      value: 0
      objectReference: {fileID: 0}
    - target: {fileID: 4913025679580763881, guid: 4bed30029b542e74eae3dca60de1cec3, type: 3}
      propertyPath: m_LocalEulerAnglesHint.x
      value: 0
      objectReference: {fileID: 0}
    - target: {fileID: 4913025679580763881, guid: 4bed30029b542e74eae3dca60de1cec3, type: 3}
      propertyPath: m_LocalEulerAnglesHint.y
      value: 0
      objectReference: {fileID: 0}
    - target: {fileID: 4913025679580763881, guid: 4bed30029b542e74eae3dca60de1cec3, type: 3}
      propertyPath: m_LocalEulerAnglesHint.z
      value: 0
      objectReference: {fileID: 0}
    - target: {fileID: 4913025679755648531, guid: 4bed30029b542e74eae3dca60de1cec3, type: 3}
      propertyPath: m_AnchorMax.y
      value: 0
      objectReference: {fileID: 0}
    - target: {fileID: 4913025679755648531, guid: 4bed30029b542e74eae3dca60de1cec3, type: 3}
      propertyPath: m_AnchorMin.y
      value: 0
      objectReference: {fileID: 0}
    - target: {fileID: 4913025679755648531, guid: 4bed30029b542e74eae3dca60de1cec3, type: 3}
      propertyPath: m_SizeDelta.x
      value: 0
      objectReference: {fileID: 0}
    - target: {fileID: 4913025679755648531, guid: 4bed30029b542e74eae3dca60de1cec3, type: 3}
      propertyPath: m_SizeDelta.y
      value: 0
      objectReference: {fileID: 0}
    - target: {fileID: 4913025679755648531, guid: 4bed30029b542e74eae3dca60de1cec3, type: 3}
      propertyPath: m_AnchoredPosition.x
      value: 450
      objectReference: {fileID: 0}
    - target: {fileID: 4913025679755648531, guid: 4bed30029b542e74eae3dca60de1cec3, type: 3}
      propertyPath: m_AnchoredPosition.y
      value: 0
      objectReference: {fileID: 0}
    - target: {fileID: 5338983355232762844, guid: 4bed30029b542e74eae3dca60de1cec3, type: 3}
      propertyPath: m_AnchorMax.x
      value: 0
      objectReference: {fileID: 0}
    - target: {fileID: 5338983355232762844, guid: 4bed30029b542e74eae3dca60de1cec3, type: 3}
      propertyPath: m_AnchorMax.y
      value: 0
      objectReference: {fileID: 0}
    - target: {fileID: 5338983355232762844, guid: 4bed30029b542e74eae3dca60de1cec3, type: 3}
      propertyPath: m_SizeDelta.x
      value: 0
      objectReference: {fileID: 0}
    - target: {fileID: 6714725558245966033, guid: 4bed30029b542e74eae3dca60de1cec3, type: 3}
      propertyPath: m_AnchorMax.y
      value: 0
      objectReference: {fileID: 0}
    - target: {fileID: 6714725558245966033, guid: 4bed30029b542e74eae3dca60de1cec3, type: 3}
      propertyPath: m_AnchorMin.y
      value: 0
      objectReference: {fileID: 0}
    - target: {fileID: 6714725558245966033, guid: 4bed30029b542e74eae3dca60de1cec3, type: 3}
      propertyPath: m_AnchoredPosition.x
      value: 0
      objectReference: {fileID: 0}
    - target: {fileID: 6714725558245966033, guid: 4bed30029b542e74eae3dca60de1cec3, type: 3}
      propertyPath: m_AnchoredPosition.y
      value: 0
      objectReference: {fileID: 0}
    - target: {fileID: 8588278839779030332, guid: 4bed30029b542e74eae3dca60de1cec3, type: 3}
      propertyPath: m_AnchorMax.y
      value: 0
      objectReference: {fileID: 0}
    - target: {fileID: 8588278839779030332, guid: 4bed30029b542e74eae3dca60de1cec3, type: 3}
      propertyPath: m_AnchorMin.y
      value: 0
      objectReference: {fileID: 0}
    - target: {fileID: 8588278839779030332, guid: 4bed30029b542e74eae3dca60de1cec3, type: 3}
      propertyPath: m_SizeDelta.y
      value: 0
      objectReference: {fileID: 0}
    - target: {fileID: 8588278839779030332, guid: 4bed30029b542e74eae3dca60de1cec3, type: 3}
      propertyPath: m_AnchoredPosition.x
      value: 0
      objectReference: {fileID: 0}
    - target: {fileID: 8588278839779030332, guid: 4bed30029b542e74eae3dca60de1cec3, type: 3}
      propertyPath: m_AnchoredPosition.y
      value: 0
      objectReference: {fileID: 0}
    m_RemovedComponents: []
  m_SourcePrefab: {fileID: 100100000, guid: 4bed30029b542e74eae3dca60de1cec3, type: 3}
--- !u!224 &1055783395 stripped
RectTransform:
  m_CorrespondingSourceObject: {fileID: 4913025679580763881, guid: 4bed30029b542e74eae3dca60de1cec3, type: 3}
  m_PrefabInstance: {fileID: 1055783394}
  m_PrefabAsset: {fileID: 0}
--- !u!114 &1055783396 stripped
MonoBehaviour:
  m_CorrespondingSourceObject: {fileID: 4913025679580763876, guid: 4bed30029b542e74eae3dca60de1cec3, type: 3}
  m_PrefabInstance: {fileID: 1055783394}
  m_PrefabAsset: {fileID: 0}
  m_GameObject: {fileID: 0}
  m_Enabled: 1
  m_EditorHideFlags: 0
  m_Script: {fileID: 11500000, guid: 148a814d2f6f4134386f82acf59d4819, type: 3}
  m_Name: 
  m_EditorClassIdentifier: 
--- !u!1 &1166430105
GameObject:
  m_ObjectHideFlags: 0
  m_CorrespondingSourceObject: {fileID: 0}
  m_PrefabInstance: {fileID: 0}
  m_PrefabAsset: {fileID: 0}
  serializedVersion: 6
  m_Component:
  - component: {fileID: 1166430109}
  - component: {fileID: 1166430108}
  - component: {fileID: 1166430107}
  - component: {fileID: 1166430106}
  - component: {fileID: 1166430110}
  m_Layer: 5
  m_Name: CParent
  m_TagString: Untagged
  m_Icon: {fileID: 0}
  m_NavMeshLayer: 0
  m_StaticEditorFlags: 0
  m_IsActive: 1
--- !u!114 &1166430106
MonoBehaviour:
  m_ObjectHideFlags: 0
  m_CorrespondingSourceObject: {fileID: 0}
  m_PrefabInstance: {fileID: 0}
  m_PrefabAsset: {fileID: 0}
  m_GameObject: {fileID: 1166430105}
  m_Enabled: 1
  m_EditorHideFlags: 0
  m_Script: {fileID: 11500000, guid: dc42784cf147c0c48a680349fa168899, type: 3}
  m_Name: 
  m_EditorClassIdentifier: 
  m_IgnoreReversedGraphics: 1
  m_BlockingObjects: 0
  m_BlockingMask:
    serializedVersion: 2
    m_Bits: 4294967295
--- !u!114 &1166430107
MonoBehaviour:
  m_ObjectHideFlags: 0
  m_CorrespondingSourceObject: {fileID: 0}
  m_PrefabInstance: {fileID: 0}
  m_PrefabAsset: {fileID: 0}
  m_GameObject: {fileID: 1166430105}
  m_Enabled: 1
  m_EditorHideFlags: 0
  m_Script: {fileID: 11500000, guid: 0cd44c1031e13a943bb63640046fad76, type: 3}
  m_Name: 
  m_EditorClassIdentifier: 
  m_UiScaleMode: 1
  m_ReferencePixelsPerUnit: 100
  m_ScaleFactor: 1
  m_ReferenceResolution: {x: 2600, y: 1200}
  m_ScreenMatchMode: 0
  m_MatchWidthOrHeight: 1
  m_PhysicalUnit: 3
  m_FallbackScreenDPI: 96
  m_DefaultSpriteDPI: 96
  m_DynamicPixelsPerUnit: 1
  m_PresetInfoIsWorld: 0
--- !u!223 &1166430108
Canvas:
  m_ObjectHideFlags: 0
  m_CorrespondingSourceObject: {fileID: 0}
  m_PrefabInstance: {fileID: 0}
  m_PrefabAsset: {fileID: 0}
  m_GameObject: {fileID: 1166430105}
  m_Enabled: 1
  serializedVersion: 3
  m_RenderMode: 0
  m_Camera: {fileID: 0}
  m_PlaneDistance: 100
  m_PixelPerfect: 0
  m_ReceivesEvents: 1
  m_OverrideSorting: 0
  m_OverridePixelPerfect: 0
  m_SortingBucketNormalizedSize: 0
  m_AdditionalShaderChannelsFlag: 25
  m_SortingLayerID: 0
  m_SortingOrder: 0
  m_TargetDisplay: 0
--- !u!224 &1166430109
RectTransform:
  m_ObjectHideFlags: 0
  m_CorrespondingSourceObject: {fileID: 0}
  m_PrefabInstance: {fileID: 0}
  m_PrefabAsset: {fileID: 0}
  m_GameObject: {fileID: 1166430105}
  m_LocalRotation: {x: 0, y: 0, z: 0, w: 1}
  m_LocalPosition: {x: 0, y: 0, z: 0}
  m_LocalScale: {x: 0, y: 0, z: 0}
  m_Children:
  - {fileID: 981439380}
  - {fileID: 1566972977}
  - {fileID: 288967630}
  - {fileID: 1055783395}
  - {fileID: 1739533151}
  - {fileID: 2122949969}
  m_Father: {fileID: 0}
  m_RootOrder: 5
  m_LocalEulerAnglesHint: {x: 0, y: 0, z: 0}
  m_AnchorMin: {x: 0, y: 0}
  m_AnchorMax: {x: 0, y: 0}
  m_AnchoredPosition: {x: 0, y: 0}
  m_SizeDelta: {x: 0, y: 0}
  m_Pivot: {x: 0, y: 0}
--- !u!114 &1166430110
MonoBehaviour:
  m_ObjectHideFlags: 0
  m_CorrespondingSourceObject: {fileID: 0}
  m_PrefabInstance: {fileID: 0}
  m_PrefabAsset: {fileID: 0}
  m_GameObject: {fileID: 1166430105}
  m_Enabled: 1
  m_EditorHideFlags: 0
  m_Script: {fileID: 11500000, guid: be8182b77099fff488c78078e5437309, type: 3}
  m_Name: 
  m_EditorClassIdentifier: 
  BackScene: Menu
--- !u!1001 &1197857547
PrefabInstance:
  m_ObjectHideFlags: 0
  serializedVersion: 2
  m_Modification:
    m_TransformParent: {fileID: 1166430109}
    m_Modifications:
    - target: {fileID: 770804408603735477, guid: 388a3bffdaf5ec64eb50fb7013568678, type: 3}
      propertyPath: m_Name
      value: FeedbackPopUp
      objectReference: {fileID: 0}
    - target: {fileID: 2280061916254545723, guid: 388a3bffdaf5ec64eb50fb7013568678, type: 3}
      propertyPath: m_AnchorMax.y
      value: 0
      objectReference: {fileID: 0}
    - target: {fileID: 2280061916254545723, guid: 388a3bffdaf5ec64eb50fb7013568678, type: 3}
      propertyPath: m_AnchorMin.y
      value: 0
      objectReference: {fileID: 0}
    - target: {fileID: 2280061916254545723, guid: 388a3bffdaf5ec64eb50fb7013568678, type: 3}
      propertyPath: m_AnchoredPosition.x
      value: 0
      objectReference: {fileID: 0}
    - target: {fileID: 2280061916254545723, guid: 388a3bffdaf5ec64eb50fb7013568678, type: 3}
      propertyPath: m_AnchoredPosition.y
      value: 0
      objectReference: {fileID: 0}
    - target: {fileID: 2280061916663930154, guid: 388a3bffdaf5ec64eb50fb7013568678, type: 3}
      propertyPath: m_AnchorMax.y
      value: 0
      objectReference: {fileID: 0}
    - target: {fileID: 2280061916663930154, guid: 388a3bffdaf5ec64eb50fb7013568678, type: 3}
      propertyPath: m_AnchorMin.y
      value: 0
      objectReference: {fileID: 0}
    - target: {fileID: 2280061916663930154, guid: 388a3bffdaf5ec64eb50fb7013568678, type: 3}
      propertyPath: m_AnchoredPosition.x
      value: 0
      objectReference: {fileID: 0}
    - target: {fileID: 2280061916663930154, guid: 388a3bffdaf5ec64eb50fb7013568678, type: 3}
      propertyPath: m_AnchoredPosition.y
      value: 0
      objectReference: {fileID: 0}
    - target: {fileID: 2280061917366015337, guid: 388a3bffdaf5ec64eb50fb7013568678, type: 3}
      propertyPath: m_AnchorMax.y
      value: 0
      objectReference: {fileID: 0}
    - target: {fileID: 2280061917366015337, guid: 388a3bffdaf5ec64eb50fb7013568678, type: 3}
      propertyPath: m_AnchorMin.y
      value: 0
      objectReference: {fileID: 0}
    - target: {fileID: 2280061917366015337, guid: 388a3bffdaf5ec64eb50fb7013568678, type: 3}
      propertyPath: m_AnchoredPosition.x
      value: 0
      objectReference: {fileID: 0}
    - target: {fileID: 2280061917366015337, guid: 388a3bffdaf5ec64eb50fb7013568678, type: 3}
      propertyPath: m_AnchoredPosition.y
      value: 0
      objectReference: {fileID: 0}
    - target: {fileID: 2280061917780937127, guid: 388a3bffdaf5ec64eb50fb7013568678, type: 3}
      propertyPath: m_AnchorMax.y
      value: 0
      objectReference: {fileID: 0}
    - target: {fileID: 2280061917780937127, guid: 388a3bffdaf5ec64eb50fb7013568678, type: 3}
      propertyPath: m_AnchorMin.y
      value: 0
      objectReference: {fileID: 0}
    - target: {fileID: 2280061917780937127, guid: 388a3bffdaf5ec64eb50fb7013568678, type: 3}
      propertyPath: m_AnchoredPosition.x
      value: 0
      objectReference: {fileID: 0}
    - target: {fileID: 2280061917780937127, guid: 388a3bffdaf5ec64eb50fb7013568678, type: 3}
      propertyPath: m_AnchoredPosition.y
      value: 0
      objectReference: {fileID: 0}
    - target: {fileID: 2280061917834224637, guid: 388a3bffdaf5ec64eb50fb7013568678, type: 3}
      propertyPath: m_AnchorMax.y
      value: 0
      objectReference: {fileID: 0}
    - target: {fileID: 2280061917834224637, guid: 388a3bffdaf5ec64eb50fb7013568678, type: 3}
      propertyPath: m_AnchorMin.y
      value: 0
      objectReference: {fileID: 0}
    - target: {fileID: 2280061917834224637, guid: 388a3bffdaf5ec64eb50fb7013568678, type: 3}
      propertyPath: m_AnchoredPosition.x
      value: 0
      objectReference: {fileID: 0}
    - target: {fileID: 2280061917834224637, guid: 388a3bffdaf5ec64eb50fb7013568678, type: 3}
      propertyPath: m_AnchoredPosition.y
      value: 0
      objectReference: {fileID: 0}
    - target: {fileID: 2280061918121109116, guid: 388a3bffdaf5ec64eb50fb7013568678, type: 3}
      propertyPath: m_AnchorMax.y
      value: 0
      objectReference: {fileID: 0}
    - target: {fileID: 2280061918121109116, guid: 388a3bffdaf5ec64eb50fb7013568678, type: 3}
      propertyPath: m_AnchorMin.y
      value: 0
      objectReference: {fileID: 0}
    - target: {fileID: 2280061918121109116, guid: 388a3bffdaf5ec64eb50fb7013568678, type: 3}
      propertyPath: m_AnchoredPosition.x
      value: 0
      objectReference: {fileID: 0}
    - target: {fileID: 2280061918121109116, guid: 388a3bffdaf5ec64eb50fb7013568678, type: 3}
      propertyPath: m_AnchoredPosition.y
      value: 0
      objectReference: {fileID: 0}
    - target: {fileID: 5131961564063920610, guid: 388a3bffdaf5ec64eb50fb7013568678, type: 3}
      propertyPath: m_PixelPerfect
      value: 1
      objectReference: {fileID: 0}
    - target: {fileID: 5131961564063920610, guid: 388a3bffdaf5ec64eb50fb7013568678, type: 3}
      propertyPath: m_OverridePixelPerfect
      value: 0
      objectReference: {fileID: 0}
    - target: {fileID: 6228621631562912158, guid: 388a3bffdaf5ec64eb50fb7013568678, type: 3}
      propertyPath: Pause
      value: 
      objectReference: {fileID: 288967631}
    - target: {fileID: 8144386534602305908, guid: 388a3bffdaf5ec64eb50fb7013568678, type: 3}
      propertyPath: m_Pivot.x
      value: 0.5
      objectReference: {fileID: 0}
    - target: {fileID: 8144386534602305908, guid: 388a3bffdaf5ec64eb50fb7013568678, type: 3}
      propertyPath: m_Pivot.y
      value: 0.5
      objectReference: {fileID: 0}
    - target: {fileID: 8144386534602305908, guid: 388a3bffdaf5ec64eb50fb7013568678, type: 3}
      propertyPath: m_RootOrder
      value: 4
      objectReference: {fileID: 0}
    - target: {fileID: 8144386534602305908, guid: 388a3bffdaf5ec64eb50fb7013568678, type: 3}
      propertyPath: m_AnchorMax.x
      value: 1
      objectReference: {fileID: 0}
    - target: {fileID: 8144386534602305908, guid: 388a3bffdaf5ec64eb50fb7013568678, type: 3}
      propertyPath: m_AnchorMax.y
      value: 1
      objectReference: {fileID: 0}
    - target: {fileID: 8144386534602305908, guid: 388a3bffdaf5ec64eb50fb7013568678, type: 3}
      propertyPath: m_AnchorMin.x
      value: 0
      objectReference: {fileID: 0}
    - target: {fileID: 8144386534602305908, guid: 388a3bffdaf5ec64eb50fb7013568678, type: 3}
      propertyPath: m_AnchorMin.y
      value: 0
      objectReference: {fileID: 0}
    - target: {fileID: 8144386534602305908, guid: 388a3bffdaf5ec64eb50fb7013568678, type: 3}
      propertyPath: m_SizeDelta.x
      value: 0
      objectReference: {fileID: 0}
    - target: {fileID: 8144386534602305908, guid: 388a3bffdaf5ec64eb50fb7013568678, type: 3}
      propertyPath: m_SizeDelta.y
      value: 0
      objectReference: {fileID: 0}
    - target: {fileID: 8144386534602305908, guid: 388a3bffdaf5ec64eb50fb7013568678, type: 3}
      propertyPath: m_LocalPosition.x
      value: 0
      objectReference: {fileID: 0}
    - target: {fileID: 8144386534602305908, guid: 388a3bffdaf5ec64eb50fb7013568678, type: 3}
      propertyPath: m_LocalPosition.y
      value: 0
      objectReference: {fileID: 0}
    - target: {fileID: 8144386534602305908, guid: 388a3bffdaf5ec64eb50fb7013568678, type: 3}
      propertyPath: m_LocalPosition.z
      value: 0
      objectReference: {fileID: 0}
    - target: {fileID: 8144386534602305908, guid: 388a3bffdaf5ec64eb50fb7013568678, type: 3}
      propertyPath: m_LocalRotation.w
      value: 1
      objectReference: {fileID: 0}
    - target: {fileID: 8144386534602305908, guid: 388a3bffdaf5ec64eb50fb7013568678, type: 3}
      propertyPath: m_LocalRotation.x
      value: 0
      objectReference: {fileID: 0}
    - target: {fileID: 8144386534602305908, guid: 388a3bffdaf5ec64eb50fb7013568678, type: 3}
      propertyPath: m_LocalRotation.y
      value: 0
      objectReference: {fileID: 0}
    - target: {fileID: 8144386534602305908, guid: 388a3bffdaf5ec64eb50fb7013568678, type: 3}
      propertyPath: m_LocalRotation.z
      value: 0
      objectReference: {fileID: 0}
    - target: {fileID: 8144386534602305908, guid: 388a3bffdaf5ec64eb50fb7013568678, type: 3}
      propertyPath: m_AnchoredPosition.x
      value: 0
      objectReference: {fileID: 0}
    - target: {fileID: 8144386534602305908, guid: 388a3bffdaf5ec64eb50fb7013568678, type: 3}
      propertyPath: m_AnchoredPosition.y
      value: 0
      objectReference: {fileID: 0}
    - target: {fileID: 8144386534602305908, guid: 388a3bffdaf5ec64eb50fb7013568678, type: 3}
      propertyPath: m_LocalEulerAnglesHint.x
      value: 0
      objectReference: {fileID: 0}
    - target: {fileID: 8144386534602305908, guid: 388a3bffdaf5ec64eb50fb7013568678, type: 3}
      propertyPath: m_LocalEulerAnglesHint.y
      value: 0
      objectReference: {fileID: 0}
    - target: {fileID: 8144386534602305908, guid: 388a3bffdaf5ec64eb50fb7013568678, type: 3}
      propertyPath: m_LocalEulerAnglesHint.z
      value: 0
      objectReference: {fileID: 0}
    m_RemovedComponents: []
  m_SourcePrefab: {fileID: 100100000, guid: 388a3bffdaf5ec64eb50fb7013568678, type: 3}
--- !u!1 &1322227389
GameObject:
  m_ObjectHideFlags: 0
  m_CorrespondingSourceObject: {fileID: 0}
  m_PrefabInstance: {fileID: 0}
  m_PrefabAsset: {fileID: 0}
  serializedVersion: 6
  m_Component:
  - component: {fileID: 1322227391}
  - component: {fileID: 1322227390}
  m_Layer: 0
  m_Name: MemoryGameManager
  m_TagString: Untagged
  m_Icon: {fileID: 0}
  m_NavMeshLayer: 0
  m_StaticEditorFlags: 0
  m_IsActive: 1
--- !u!114 &1322227390
MonoBehaviour:
  m_ObjectHideFlags: 0
  m_CorrespondingSourceObject: {fileID: 0}
  m_PrefabInstance: {fileID: 0}
  m_PrefabAsset: {fileID: 0}
  m_GameObject: {fileID: 1322227389}
  m_Enabled: 1
  m_EditorHideFlags: 0
  m_Script: {fileID: 11500000, guid: 5811f57ed7f5cda48bfb2121f1d97e02, type: 3}
  m_Name: 
  m_EditorClassIdentifier: 
  BackScene: Menu
  FeedbackPopup: {fileID: 1739533154}
  Counter: {fileID: 1826910292}
  InitPanel: {fileID: 2122949970}
  Score: {fileID: 546538385}
  health: {fileID: 922816533}
  CustomSpriteIntro:
  - {fileID: 21300000, guid: b43d53034cb3a424ab0785429f81cc4f, type: 3}
  - {fileID: 21300000, guid: b43d53034cb3a424ab0785429f81cc4f, type: 3}
  - {fileID: 21300000, guid: b43d53034cb3a424ab0785429f81cc4f, type: 3}
  - {fileID: 21300000, guid: ece7ddc4c0541bf479bf2e452c4a42bd, type: 3}
  mainInstruction: "Nuestros superpoderes pueden estar en el deporte, la musica,
    el arte y m\xE1s. Empareja los objetos que los representan."
  roundInstruction: "Nuestros superpoderes pueden estar en el deporte, la musica,
    el arte y m\xE1s. Empareja los objetos que los representan."
  Trivia: {fileID: 1055783396}
  CustomItems: {fileID: 11400000, guid: 92f43fd0a0885ab4cb6dfde12413b8e2, type: 2}
  Data: {fileID: 11400000, guid: ff95f030f2f29244bb7f9d07c0e321ff, type: 2}
  _hiden: {fileID: 21300000, guid: 2d4a55a327681044d976e8b270764ff4, type: 3}
  _checked: {fileID: 21300000, guid: 423f97dbd57ef59418c2e3f6a898e3e8, type: 3}
  cardsGroup: {fileID: 1693599697}
  timer: {fileID: 918778105}
  energyBar: {fileID: 1693470173}
--- !u!4 &1322227391
Transform:
  m_ObjectHideFlags: 0
  m_CorrespondingSourceObject: {fileID: 0}
  m_PrefabInstance: {fileID: 0}
  m_PrefabAsset: {fileID: 0}
  m_GameObject: {fileID: 1322227389}
  m_LocalRotation: {x: 0, y: 0, z: 0, w: 1}
  m_LocalPosition: {x: 0, y: 0, z: 0}
  m_LocalScale: {x: 1, y: 1, z: 1}
  m_Children: []
  m_Father: {fileID: 0}
  m_RootOrder: 0
  m_LocalEulerAnglesHint: {x: 0, y: 0, z: 0}
--- !u!1 &1411708003
GameObject:
  m_ObjectHideFlags: 0
  m_CorrespondingSourceObject: {fileID: 0}
  m_PrefabInstance: {fileID: 0}
  m_PrefabAsset: {fileID: 0}
  serializedVersion: 6
  m_Component:
  - component: {fileID: 1411708004}
  - component: {fileID: 1411708008}
  - component: {fileID: 1411708007}
  - component: {fileID: 1411708006}
  - component: {fileID: 1411708005}
  m_Layer: 5
  m_Name: Card
  m_TagString: Untagged
  m_Icon: {fileID: 0}
  m_NavMeshLayer: 0
  m_StaticEditorFlags: 0
  m_IsActive: 1
--- !u!224 &1411708004
RectTransform:
  m_ObjectHideFlags: 0
  m_CorrespondingSourceObject: {fileID: 0}
  m_PrefabInstance: {fileID: 0}
  m_PrefabAsset: {fileID: 0}
  m_GameObject: {fileID: 1411708003}
  m_LocalRotation: {x: -0, y: -0, z: -0, w: 1}
  m_LocalPosition: {x: 0, y: 0, z: 0}
  m_LocalScale: {x: 1, y: 1, z: 1}
  m_Children:
  - {fileID: 301399515}
  m_Father: {fileID: 1693599695}
  m_RootOrder: 0
  m_LocalEulerAnglesHint: {x: 0, y: 0, z: 0}
  m_AnchorMin: {x: 0, y: 0}
  m_AnchorMax: {x: 0, y: 0}
  m_AnchoredPosition: {x: 0, y: 0}
  m_SizeDelta: {x: 0, y: 0}
  m_Pivot: {x: 0.5, y: 0.5}
--- !u!114 &1411708005
MonoBehaviour:
  m_ObjectHideFlags: 0
  m_CorrespondingSourceObject: {fileID: 0}
  m_PrefabInstance: {fileID: 0}
  m_PrefabAsset: {fileID: 0}
  m_GameObject: {fileID: 1411708003}
  m_Enabled: 1
  m_EditorHideFlags: 0
  m_Script: {fileID: 11500000, guid: 4e29b1a8efbd4b44bb3f3716e73f07ff, type: 3}
  m_Name: 
  m_EditorClassIdentifier: 
  m_Navigation:
    m_Mode: 3
    m_WrapAround: 0
    m_SelectOnUp: {fileID: 0}
    m_SelectOnDown: {fileID: 0}
    m_SelectOnLeft: {fileID: 0}
    m_SelectOnRight: {fileID: 0}
  m_Transition: 0
  m_Colors:
    m_NormalColor: {r: 1, g: 1, b: 1, a: 1}
    m_HighlightedColor: {r: 0.9607843, g: 0.9607843, b: 0.9607843, a: 1}
    m_PressedColor: {r: 0.78431374, g: 0.78431374, b: 0.78431374, a: 1}
    m_SelectedColor: {r: 0.9607843, g: 0.9607843, b: 0.9607843, a: 1}
    m_DisabledColor: {r: 0.78431374, g: 0.78431374, b: 0.78431374, a: 0.5019608}
    m_ColorMultiplier: 1
    m_FadeDuration: 0.1
  m_SpriteState:
    m_HighlightedSprite: {fileID: 0}
    m_PressedSprite: {fileID: 0}
    m_SelectedSprite: {fileID: 0}
    m_DisabledSprite: {fileID: 0}
  m_AnimationTriggers:
    m_NormalTrigger: Normal
    m_HighlightedTrigger: Highlighted
    m_PressedTrigger: Pressed
    m_SelectedTrigger: Selected
    m_DisabledTrigger: Disabled
  m_Interactable: 1
  m_TargetGraphic: {fileID: 1411708006}
  m_OnClick:
    m_PersistentCalls:
      m_Calls: []
--- !u!114 &1411708006
MonoBehaviour:
  m_ObjectHideFlags: 0
  m_CorrespondingSourceObject: {fileID: 0}
  m_PrefabInstance: {fileID: 0}
  m_PrefabAsset: {fileID: 0}
  m_GameObject: {fileID: 1411708003}
  m_Enabled: 1
  m_EditorHideFlags: 0
  m_Script: {fileID: 11500000, guid: fe87c0e1cc204ed48ad3b37840f39efc, type: 3}
  m_Name: 
  m_EditorClassIdentifier: 
  m_Material: {fileID: 0}
  m_Color: {r: 1, g: 1, b: 1, a: 1}
  m_RaycastTarget: 1
  m_RaycastPadding: {x: 0, y: 0, z: 0, w: 0}
  m_Maskable: 1
  m_OnCullStateChanged:
    m_PersistentCalls:
      m_Calls: []
  m_Sprite: {fileID: 21300000, guid: 6dd6aad4fe5446c45a61740876843877, type: 3}
  m_Type: 0
  m_PreserveAspect: 1
  m_FillCenter: 1
  m_FillMethod: 4
  m_FillAmount: 1
  m_FillClockwise: 1
  m_FillOrigin: 0
  m_UseSpriteMesh: 0
  m_PixelsPerUnitMultiplier: 1
--- !u!222 &1411708007
CanvasRenderer:
  m_ObjectHideFlags: 0
  m_CorrespondingSourceObject: {fileID: 0}
  m_PrefabInstance: {fileID: 0}
  m_PrefabAsset: {fileID: 0}
  m_GameObject: {fileID: 1411708003}
  m_CullTransparentMesh: 1
--- !u!114 &1411708008
MonoBehaviour:
  m_ObjectHideFlags: 0
  m_CorrespondingSourceObject: {fileID: 0}
  m_PrefabInstance: {fileID: 0}
  m_PrefabAsset: {fileID: 0}
  m_GameObject: {fileID: 1411708003}
  m_Enabled: 1
  m_EditorHideFlags: 0
  m_Script: {fileID: 11500000, guid: 1ede32b1f87f5e5479c57ce593eab8c2, type: 3}
  m_Name: 
  m_EditorClassIdentifier: 
  picture: {fileID: 301399516}
  myGame: {fileID: 1322227390}
  target: 0
--- !u!1001 &1508790136
PrefabInstance:
  m_ObjectHideFlags: 0
  serializedVersion: 2
  m_Modification:
    m_TransformParent: {fileID: 1166430109}
    m_Modifications:
    - target: {fileID: 7807492768451771909, guid: bbbe27145011a2e43a106011a205e0b1, type: 3}
      propertyPath: m_Sprite
      value: 
      objectReference: {fileID: 21300000, guid: 7fa39dd22f0779b49b7243b98048f965, type: 3}
    - target: {fileID: 7807492768491873358, guid: bbbe27145011a2e43a106011a205e0b1, type: 3}
      propertyPath: m_Sprite
      value: 
      objectReference: {fileID: 21300000, guid: 6a7163c00ce672e419d9b51fc51b8ec9, type: 3}
    - target: {fileID: 7807492768601057110, guid: bbbe27145011a2e43a106011a205e0b1, type: 3}
      propertyPath: m_Name
      value: StartPanel
      objectReference: {fileID: 0}
    - target: {fileID: 7807492768601057110, guid: bbbe27145011a2e43a106011a205e0b1, type: 3}
      propertyPath: m_IsActive
      value: 1
      objectReference: {fileID: 0}
    - target: {fileID: 7807492768601057129, guid: bbbe27145011a2e43a106011a205e0b1, type: 3}
      propertyPath: m_Pivot.x
      value: 0.5
      objectReference: {fileID: 0}
    - target: {fileID: 7807492768601057129, guid: bbbe27145011a2e43a106011a205e0b1, type: 3}
      propertyPath: m_Pivot.y
      value: 0.5
      objectReference: {fileID: 0}
    - target: {fileID: 7807492768601057129, guid: bbbe27145011a2e43a106011a205e0b1, type: 3}
      propertyPath: m_RootOrder
      value: 5
      objectReference: {fileID: 0}
    - target: {fileID: 7807492768601057129, guid: bbbe27145011a2e43a106011a205e0b1, type: 3}
      propertyPath: m_AnchorMax.x
      value: 0.5
      objectReference: {fileID: 0}
    - target: {fileID: 7807492768601057129, guid: bbbe27145011a2e43a106011a205e0b1, type: 3}
      propertyPath: m_AnchorMax.y
      value: 0.5
      objectReference: {fileID: 0}
    - target: {fileID: 7807492768601057129, guid: bbbe27145011a2e43a106011a205e0b1, type: 3}
      propertyPath: m_AnchorMin.x
      value: 0.5
      objectReference: {fileID: 0}
    - target: {fileID: 7807492768601057129, guid: bbbe27145011a2e43a106011a205e0b1, type: 3}
      propertyPath: m_AnchorMin.y
      value: 0.5
      objectReference: {fileID: 0}
    - target: {fileID: 7807492768601057129, guid: bbbe27145011a2e43a106011a205e0b1, type: 3}
      propertyPath: m_SizeDelta.x
      value: 1920
      objectReference: {fileID: 0}
    - target: {fileID: 7807492768601057129, guid: bbbe27145011a2e43a106011a205e0b1, type: 3}
      propertyPath: m_SizeDelta.y
      value: 1200
      objectReference: {fileID: 0}
    - target: {fileID: 7807492768601057129, guid: bbbe27145011a2e43a106011a205e0b1, type: 3}
      propertyPath: m_LocalPosition.x
      value: 0
      objectReference: {fileID: 0}
    - target: {fileID: 7807492768601057129, guid: bbbe27145011a2e43a106011a205e0b1, type: 3}
      propertyPath: m_LocalPosition.y
      value: 0
      objectReference: {fileID: 0}
    - target: {fileID: 7807492768601057129, guid: bbbe27145011a2e43a106011a205e0b1, type: 3}
      propertyPath: m_LocalPosition.z
      value: 0
      objectReference: {fileID: 0}
    - target: {fileID: 7807492768601057129, guid: bbbe27145011a2e43a106011a205e0b1, type: 3}
      propertyPath: m_LocalRotation.w
      value: 1
      objectReference: {fileID: 0}
    - target: {fileID: 7807492768601057129, guid: bbbe27145011a2e43a106011a205e0b1, type: 3}
      propertyPath: m_LocalRotation.x
      value: 0
      objectReference: {fileID: 0}
    - target: {fileID: 7807492768601057129, guid: bbbe27145011a2e43a106011a205e0b1, type: 3}
      propertyPath: m_LocalRotation.y
      value: 0
      objectReference: {fileID: 0}
    - target: {fileID: 7807492768601057129, guid: bbbe27145011a2e43a106011a205e0b1, type: 3}
      propertyPath: m_LocalRotation.z
      value: 0
      objectReference: {fileID: 0}
    - target: {fileID: 7807492768601057129, guid: bbbe27145011a2e43a106011a205e0b1, type: 3}
      propertyPath: m_AnchoredPosition.x
      value: 0
      objectReference: {fileID: 0}
    - target: {fileID: 7807492768601057129, guid: bbbe27145011a2e43a106011a205e0b1, type: 3}
      propertyPath: m_AnchoredPosition.y
      value: 1500
      objectReference: {fileID: 0}
    - target: {fileID: 7807492768601057129, guid: bbbe27145011a2e43a106011a205e0b1, type: 3}
      propertyPath: m_LocalEulerAnglesHint.x
      value: 0
      objectReference: {fileID: 0}
    - target: {fileID: 7807492768601057129, guid: bbbe27145011a2e43a106011a205e0b1, type: 3}
      propertyPath: m_LocalEulerAnglesHint.y
      value: 0
      objectReference: {fileID: 0}
    - target: {fileID: 7807492768601057129, guid: bbbe27145011a2e43a106011a205e0b1, type: 3}
      propertyPath: m_LocalEulerAnglesHint.z
      value: 0
      objectReference: {fileID: 0}
    - target: {fileID: 7807492768781891620, guid: bbbe27145011a2e43a106011a205e0b1, type: 3}
      propertyPath: m_Enabled
      value: 0
      objectReference: {fileID: 0}
    m_RemovedComponents: []
  m_SourcePrefab: {fileID: 100100000, guid: bbbe27145011a2e43a106011a205e0b1, type: 3}
--- !u!1 &1566972976
GameObject:
  m_ObjectHideFlags: 0
  m_CorrespondingSourceObject: {fileID: 0}
  m_PrefabInstance: {fileID: 0}
  m_PrefabAsset: {fileID: 0}
  serializedVersion: 6
  m_Component:
  - component: {fileID: 1566972977}
  - component: {fileID: 1566972978}
  m_Layer: 5
  m_Name: HUD
  m_TagString: Untagged
  m_Icon: {fileID: 0}
  m_NavMeshLayer: 0
  m_StaticEditorFlags: 0
  m_IsActive: 1
--- !u!224 &1566972977
RectTransform:
  m_ObjectHideFlags: 0
  m_CorrespondingSourceObject: {fileID: 0}
  m_PrefabInstance: {fileID: 0}
  m_PrefabAsset: {fileID: 0}
  m_GameObject: {fileID: 1566972976}
  m_LocalRotation: {x: 0, y: 0, z: 0, w: 1}
  m_LocalPosition: {x: 0, y: 0, z: 0}
  m_LocalScale: {x: 1, y: 1, z: 1}
  m_Children:
  - {fileID: 918778104}
  - {fileID: 922816532}
  - {fileID: 546538384}
  - {fileID: 1693470172}
  - {fileID: 1826910291}
  m_Father: {fileID: 1166430109}
  m_RootOrder: 1
  m_LocalEulerAnglesHint: {x: 0, y: 0, z: 0}
  m_AnchorMin: {x: 0, y: 0}
  m_AnchorMax: {x: 1, y: 1}
  m_AnchoredPosition: {x: 0, y: 0}
  m_SizeDelta: {x: 0, y: 0}
  m_Pivot: {x: 0.5, y: 0.5}
--- !u!223 &1566972978
Canvas:
  m_ObjectHideFlags: 0
  m_CorrespondingSourceObject: {fileID: 0}
  m_PrefabInstance: {fileID: 0}
  m_PrefabAsset: {fileID: 0}
  m_GameObject: {fileID: 1566972976}
  m_Enabled: 1
  serializedVersion: 3
  m_RenderMode: 2
  m_Camera: {fileID: 0}
  m_PlaneDistance: 100
  m_PixelPerfect: 0
  m_ReceivesEvents: 1
  m_OverrideSorting: 0
  m_OverridePixelPerfect: 0
  m_SortingBucketNormalizedSize: 0
  m_AdditionalShaderChannelsFlag: 0
  m_SortingLayerID: 0
  m_SortingOrder: 0
  m_TargetDisplay: 0
--- !u!1001 &1693470171
PrefabInstance:
  m_ObjectHideFlags: 0
  serializedVersion: 2
  m_Modification:
    m_TransformParent: {fileID: 1566972977}
    m_Modifications:
    - target: {fileID: 9176888840766728930, guid: 59d4f89d4f1de4d45ae0d57d10b01ed0, type: 3}
      propertyPath: m_Pivot.x
      value: 0.5
      objectReference: {fileID: 0}
    - target: {fileID: 9176888840766728930, guid: 59d4f89d4f1de4d45ae0d57d10b01ed0, type: 3}
      propertyPath: m_Pivot.y
      value: 0.5
      objectReference: {fileID: 0}
    - target: {fileID: 9176888840766728930, guid: 59d4f89d4f1de4d45ae0d57d10b01ed0, type: 3}
      propertyPath: m_RootOrder
      value: 3
      objectReference: {fileID: 0}
    - target: {fileID: 9176888840766728930, guid: 59d4f89d4f1de4d45ae0d57d10b01ed0, type: 3}
      propertyPath: m_AnchorMax.x
      value: 0
      objectReference: {fileID: 0}
    - target: {fileID: 9176888840766728930, guid: 59d4f89d4f1de4d45ae0d57d10b01ed0, type: 3}
      propertyPath: m_AnchorMax.y
      value: 0.5
      objectReference: {fileID: 0}
    - target: {fileID: 9176888840766728930, guid: 59d4f89d4f1de4d45ae0d57d10b01ed0, type: 3}
      propertyPath: m_AnchorMin.x
      value: 0
      objectReference: {fileID: 0}
    - target: {fileID: 9176888840766728930, guid: 59d4f89d4f1de4d45ae0d57d10b01ed0, type: 3}
      propertyPath: m_AnchorMin.y
      value: 0.5
      objectReference: {fileID: 0}
    - target: {fileID: 9176888840766728930, guid: 59d4f89d4f1de4d45ae0d57d10b01ed0, type: 3}
      propertyPath: m_SizeDelta.x
      value: 63
      objectReference: {fileID: 0}
    - target: {fileID: 9176888840766728930, guid: 59d4f89d4f1de4d45ae0d57d10b01ed0, type: 3}
      propertyPath: m_SizeDelta.y
      value: 683
      objectReference: {fileID: 0}
    - target: {fileID: 9176888840766728930, guid: 59d4f89d4f1de4d45ae0d57d10b01ed0, type: 3}
      propertyPath: m_LocalPosition.x
      value: 0
      objectReference: {fileID: 0}
    - target: {fileID: 9176888840766728930, guid: 59d4f89d4f1de4d45ae0d57d10b01ed0, type: 3}
      propertyPath: m_LocalPosition.y
      value: 0
      objectReference: {fileID: 0}
    - target: {fileID: 9176888840766728930, guid: 59d4f89d4f1de4d45ae0d57d10b01ed0, type: 3}
      propertyPath: m_LocalPosition.z
      value: 0
      objectReference: {fileID: 0}
    - target: {fileID: 9176888840766728930, guid: 59d4f89d4f1de4d45ae0d57d10b01ed0, type: 3}
      propertyPath: m_LocalRotation.w
      value: 1
      objectReference: {fileID: 0}
    - target: {fileID: 9176888840766728930, guid: 59d4f89d4f1de4d45ae0d57d10b01ed0, type: 3}
      propertyPath: m_LocalRotation.x
      value: -0
      objectReference: {fileID: 0}
    - target: {fileID: 9176888840766728930, guid: 59d4f89d4f1de4d45ae0d57d10b01ed0, type: 3}
      propertyPath: m_LocalRotation.y
      value: -0
      objectReference: {fileID: 0}
    - target: {fileID: 9176888840766728930, guid: 59d4f89d4f1de4d45ae0d57d10b01ed0, type: 3}
      propertyPath: m_LocalRotation.z
      value: -0
      objectReference: {fileID: 0}
    - target: {fileID: 9176888840766728930, guid: 59d4f89d4f1de4d45ae0d57d10b01ed0, type: 3}
      propertyPath: m_AnchoredPosition.x
      value: 135
      objectReference: {fileID: 0}
    - target: {fileID: 9176888840766728930, guid: 59d4f89d4f1de4d45ae0d57d10b01ed0, type: 3}
      propertyPath: m_AnchoredPosition.y
      value: -87.99997
      objectReference: {fileID: 0}
    - target: {fileID: 9176888840766728930, guid: 59d4f89d4f1de4d45ae0d57d10b01ed0, type: 3}
      propertyPath: m_LocalEulerAnglesHint.x
      value: 0
      objectReference: {fileID: 0}
    - target: {fileID: 9176888840766728930, guid: 59d4f89d4f1de4d45ae0d57d10b01ed0, type: 3}
      propertyPath: m_LocalEulerAnglesHint.y
      value: 0
      objectReference: {fileID: 0}
    - target: {fileID: 9176888840766728930, guid: 59d4f89d4f1de4d45ae0d57d10b01ed0, type: 3}
      propertyPath: m_LocalEulerAnglesHint.z
      value: 0
      objectReference: {fileID: 0}
    - target: {fileID: 9176888840766728931, guid: 59d4f89d4f1de4d45ae0d57d10b01ed0, type: 3}
      propertyPath: m_Name
      value: EnergyHUD
      objectReference: {fileID: 0}
    - target: {fileID: 9176888840766728931, guid: 59d4f89d4f1de4d45ae0d57d10b01ed0, type: 3}
      propertyPath: m_IsActive
      value: 1
      objectReference: {fileID: 0}
    m_RemovedComponents: []
  m_SourcePrefab: {fileID: 100100000, guid: 59d4f89d4f1de4d45ae0d57d10b01ed0, type: 3}
--- !u!224 &1693470172 stripped
RectTransform:
  m_CorrespondingSourceObject: {fileID: 9176888840766728930, guid: 59d4f89d4f1de4d45ae0d57d10b01ed0, type: 3}
  m_PrefabInstance: {fileID: 1693470171}
  m_PrefabAsset: {fileID: 0}
--- !u!114 &1693470173 stripped
MonoBehaviour:
  m_CorrespondingSourceObject: {fileID: 9176888840766728935, guid: 59d4f89d4f1de4d45ae0d57d10b01ed0, type: 3}
  m_PrefabInstance: {fileID: 1693470171}
  m_PrefabAsset: {fileID: 0}
  m_GameObject: {fileID: 0}
  m_Enabled: 1
  m_EditorHideFlags: 0
  m_Script: {fileID: 11500000, guid: f791013edd201a14c80880050235f0d2, type: 3}
  m_Name: 
  m_EditorClassIdentifier: 
--- !u!1 &1693599694
GameObject:
  m_ObjectHideFlags: 0
  m_CorrespondingSourceObject: {fileID: 0}
  m_PrefabInstance: {fileID: 0}
  m_PrefabAsset: {fileID: 0}
  serializedVersion: 6
  m_Component:
  - component: {fileID: 1693599695}
  - component: {fileID: 1693599697}
  - component: {fileID: 1693599696}
  - component: {fileID: 1693599698}
  m_Layer: 5
  m_Name: Group
  m_TagString: Untagged
  m_Icon: {fileID: 0}
  m_NavMeshLayer: 0
  m_StaticEditorFlags: 0
  m_IsActive: 1
--- !u!224 &1693599695
RectTransform:
  m_ObjectHideFlags: 0
  m_CorrespondingSourceObject: {fileID: 0}
  m_PrefabInstance: {fileID: 0}
  m_PrefabAsset: {fileID: 0}
  m_GameObject: {fileID: 1693599694}
  m_LocalRotation: {x: -0, y: -0, z: -0, w: 1}
  m_LocalPosition: {x: 0, y: 0, z: 0}
  m_LocalScale: {x: 1, y: 1, z: 1}
  m_Children:
  - {fileID: 1411708004}
  m_Father: {fileID: 145532856}
  m_RootOrder: 2
  m_LocalEulerAnglesHint: {x: 0, y: 0, z: 0}
  m_AnchorMin: {x: 0.5, y: 0.5}
  m_AnchorMax: {x: 0.5, y: 0.5}
  m_AnchoredPosition: {x: 0, y: -75}
  m_SizeDelta: {x: 1777, y: 1000}
  m_Pivot: {x: 0.5, y: 0.5}
--- !u!114 &1693599696
MonoBehaviour:
  m_ObjectHideFlags: 0
  m_CorrespondingSourceObject: {fileID: 0}
  m_PrefabInstance: {fileID: 0}
  m_PrefabAsset: {fileID: 0}
  m_GameObject: {fileID: 1693599694}
  m_Enabled: 1
  m_EditorHideFlags: 0
  m_Script: {fileID: 11500000, guid: 8a8695521f0d02e499659fee002a26c2, type: 3}
  m_Name: 
  m_EditorClassIdentifier: 
  m_Padding:
    m_Left: 0
    m_Right: 0
    m_Top: 0
    m_Bottom: 0
  m_ChildAlignment: 4
  m_StartCorner: 0
  m_StartAxis: 0
  m_CellSize: {x: 180, y: 180}
  m_Spacing: {x: 20, y: 20}
  m_Constraint: 2
  m_ConstraintCount: 3
--- !u!114 &1693599697
MonoBehaviour:
  m_ObjectHideFlags: 0
  m_CorrespondingSourceObject: {fileID: 0}
  m_PrefabInstance: {fileID: 0}
  m_PrefabAsset: {fileID: 0}
  m_GameObject: {fileID: 1693599694}
  m_Enabled: 1
  m_EditorHideFlags: 0
  m_Script: {fileID: 11500000, guid: 8a18bc3cb9896094cae4bc0febc0ec29, type: 3}
  m_Name: 
  m_EditorClassIdentifier: 
  MemoryGame: {fileID: 1322227390}
  cardPrefab: {fileID: 1411708008}
--- !u!225 &1693599698
CanvasGroup:
  m_ObjectHideFlags: 0
  m_CorrespondingSourceObject: {fileID: 0}
  m_PrefabInstance: {fileID: 0}
  m_PrefabAsset: {fileID: 0}
  m_GameObject: {fileID: 1693599694}
  m_Enabled: 1
  m_Alpha: 1
  m_Interactable: 1
  m_BlocksRaycasts: 1
  m_IgnoreParentGroups: 0
--- !u!224 &1739533151 stripped
RectTransform:
  m_CorrespondingSourceObject: {fileID: 8144386534602305908, guid: 388a3bffdaf5ec64eb50fb7013568678, type: 3}
  m_PrefabInstance: {fileID: 1197857547}
  m_PrefabAsset: {fileID: 0}
--- !u!114 &1739533154 stripped
MonoBehaviour:
  m_CorrespondingSourceObject: {fileID: 6228621631562912158, guid: 388a3bffdaf5ec64eb50fb7013568678, type: 3}
  m_PrefabInstance: {fileID: 1197857547}
  m_PrefabAsset: {fileID: 0}
  m_GameObject: {fileID: 0}
  m_Enabled: 1
  m_EditorHideFlags: 0
  m_Script: {fileID: 11500000, guid: 76e3b575338463943b87428dffa84dd2, type: 3}
  m_Name: 
  m_EditorClassIdentifier: 
--- !u!1 &1794159616
GameObject:
  m_ObjectHideFlags: 0
  m_CorrespondingSourceObject: {fileID: 0}
  m_PrefabInstance: {fileID: 0}
  m_PrefabAsset: {fileID: 0}
  serializedVersion: 6
  m_Component:
  - component: {fileID: 1794159617}
  - component: {fileID: 1794159619}
  - component: {fileID: 1794159618}
  m_Layer: 5
  m_Name: Bg
  m_TagString: Untagged
  m_Icon: {fileID: 0}
  m_NavMeshLayer: 0
  m_StaticEditorFlags: 0
  m_IsActive: 1
--- !u!224 &1794159617
RectTransform:
  m_ObjectHideFlags: 0
  m_CorrespondingSourceObject: {fileID: 0}
  m_PrefabInstance: {fileID: 0}
  m_PrefabAsset: {fileID: 0}
  m_GameObject: {fileID: 1794159616}
  m_LocalRotation: {x: -0, y: -0, z: -0, w: 1}
  m_LocalPosition: {x: 0, y: 0, z: 0}
  m_LocalScale: {x: 1, y: 1, z: 1}
  m_Children: []
  m_Father: {fileID: 145532856}
  m_RootOrder: 0
  m_LocalEulerAnglesHint: {x: 0, y: 0, z: 0}
  m_AnchorMin: {x: 0.5, y: 0.5}
  m_AnchorMax: {x: 0.5, y: 0.5}
  m_AnchoredPosition: {x: 0, y: 0}
  m_SizeDelta: {x: 2340, y: 1200}
  m_Pivot: {x: 0.5, y: 0.5}
--- !u!114 &1794159618
MonoBehaviour:
  m_ObjectHideFlags: 0
  m_CorrespondingSourceObject: {fileID: 0}
  m_PrefabInstance: {fileID: 0}
  m_PrefabAsset: {fileID: 0}
  m_GameObject: {fileID: 1794159616}
  m_Enabled: 1
  m_EditorHideFlags: 0
  m_Script: {fileID: 11500000, guid: fe87c0e1cc204ed48ad3b37840f39efc, type: 3}
  m_Name: 
  m_EditorClassIdentifier: 
  m_Material: {fileID: 0}
  m_Color: {r: 1, g: 1, b: 1, a: 1}
  m_RaycastTarget: 0
  m_RaycastPadding: {x: 0, y: 0, z: 0, w: 0}
  m_Maskable: 0
  m_OnCullStateChanged:
    m_PersistentCalls:
      m_Calls: []
  m_Sprite: {fileID: 0}
  m_Type: 0
  m_PreserveAspect: 0
  m_FillCenter: 1
  m_FillMethod: 4
  m_FillAmount: 1
  m_FillClockwise: 1
  m_FillOrigin: 0
  m_UseSpriteMesh: 0
  m_PixelsPerUnitMultiplier: 1
--- !u!222 &1794159619
CanvasRenderer:
  m_ObjectHideFlags: 0
  m_CorrespondingSourceObject: {fileID: 0}
  m_PrefabInstance: {fileID: 0}
  m_PrefabAsset: {fileID: 0}
  m_GameObject: {fileID: 1794159616}
  m_CullTransparentMesh: 1
--- !u!1001 &1826910290
PrefabInstance:
  m_ObjectHideFlags: 0
  serializedVersion: 2
  m_Modification:
    m_TransformParent: {fileID: 1566972977}
    m_Modifications:
    - target: {fileID: 4143942646512277176, guid: 9c0f7c38b863daf459bf04bb7d5c921d, type: 3}
      propertyPath: m_Pivot.x
      value: 0.5
      objectReference: {fileID: 0}
    - target: {fileID: 4143942646512277176, guid: 9c0f7c38b863daf459bf04bb7d5c921d, type: 3}
      propertyPath: m_Pivot.y
      value: 0.5
      objectReference: {fileID: 0}
    - target: {fileID: 4143942646512277176, guid: 9c0f7c38b863daf459bf04bb7d5c921d, type: 3}
      propertyPath: m_RootOrder
      value: 4
      objectReference: {fileID: 0}
    - target: {fileID: 4143942646512277176, guid: 9c0f7c38b863daf459bf04bb7d5c921d, type: 3}
      propertyPath: m_AnchorMax.x
      value: 0.5
      objectReference: {fileID: 0}
    - target: {fileID: 4143942646512277176, guid: 9c0f7c38b863daf459bf04bb7d5c921d, type: 3}
      propertyPath: m_AnchorMax.y
      value: 0.5
      objectReference: {fileID: 0}
    - target: {fileID: 4143942646512277176, guid: 9c0f7c38b863daf459bf04bb7d5c921d, type: 3}
      propertyPath: m_AnchorMin.x
      value: 0.5
      objectReference: {fileID: 0}
    - target: {fileID: 4143942646512277176, guid: 9c0f7c38b863daf459bf04bb7d5c921d, type: 3}
      propertyPath: m_AnchorMin.y
      value: 0.5
      objectReference: {fileID: 0}
    - target: {fileID: 4143942646512277176, guid: 9c0f7c38b863daf459bf04bb7d5c921d, type: 3}
      propertyPath: m_SizeDelta.x
      value: 714
      objectReference: {fileID: 0}
    - target: {fileID: 4143942646512277176, guid: 9c0f7c38b863daf459bf04bb7d5c921d, type: 3}
      propertyPath: m_SizeDelta.y
      value: 872
      objectReference: {fileID: 0}
    - target: {fileID: 4143942646512277176, guid: 9c0f7c38b863daf459bf04bb7d5c921d, type: 3}
      propertyPath: m_LocalPosition.x
      value: 0
      objectReference: {fileID: 0}
    - target: {fileID: 4143942646512277176, guid: 9c0f7c38b863daf459bf04bb7d5c921d, type: 3}
      propertyPath: m_LocalPosition.y
      value: 0
      objectReference: {fileID: 0}
    - target: {fileID: 4143942646512277176, guid: 9c0f7c38b863daf459bf04bb7d5c921d, type: 3}
      propertyPath: m_LocalPosition.z
      value: 0
      objectReference: {fileID: 0}
    - target: {fileID: 4143942646512277176, guid: 9c0f7c38b863daf459bf04bb7d5c921d, type: 3}
      propertyPath: m_LocalRotation.w
      value: 1
      objectReference: {fileID: 0}
    - target: {fileID: 4143942646512277176, guid: 9c0f7c38b863daf459bf04bb7d5c921d, type: 3}
      propertyPath: m_LocalRotation.x
      value: -0
      objectReference: {fileID: 0}
    - target: {fileID: 4143942646512277176, guid: 9c0f7c38b863daf459bf04bb7d5c921d, type: 3}
      propertyPath: m_LocalRotation.y
      value: -0
      objectReference: {fileID: 0}
    - target: {fileID: 4143942646512277176, guid: 9c0f7c38b863daf459bf04bb7d5c921d, type: 3}
      propertyPath: m_LocalRotation.z
      value: -0
      objectReference: {fileID: 0}
    - target: {fileID: 4143942646512277176, guid: 9c0f7c38b863daf459bf04bb7d5c921d, type: 3}
      propertyPath: m_AnchoredPosition.x
      value: 0
      objectReference: {fileID: 0}
    - target: {fileID: 4143942646512277176, guid: 9c0f7c38b863daf459bf04bb7d5c921d, type: 3}
      propertyPath: m_AnchoredPosition.y
      value: 1200
      objectReference: {fileID: 0}
    - target: {fileID: 4143942646512277176, guid: 9c0f7c38b863daf459bf04bb7d5c921d, type: 3}
      propertyPath: m_LocalEulerAnglesHint.x
      value: 0
      objectReference: {fileID: 0}
    - target: {fileID: 4143942646512277176, guid: 9c0f7c38b863daf459bf04bb7d5c921d, type: 3}
      propertyPath: m_LocalEulerAnglesHint.y
      value: 0
      objectReference: {fileID: 0}
    - target: {fileID: 4143942646512277176, guid: 9c0f7c38b863daf459bf04bb7d5c921d, type: 3}
      propertyPath: m_LocalEulerAnglesHint.z
      value: 0
      objectReference: {fileID: 0}
    - target: {fileID: 4143942646512277177, guid: 9c0f7c38b863daf459bf04bb7d5c921d, type: 3}
      propertyPath: m_Name
      value: CounterPanel
      objectReference: {fileID: 0}
    - target: {fileID: 4143942646512277177, guid: 9c0f7c38b863daf459bf04bb7d5c921d, type: 3}
      propertyPath: m_IsActive
      value: 1
      objectReference: {fileID: 0}
    m_RemovedComponents: []
  m_SourcePrefab: {fileID: 100100000, guid: 9c0f7c38b863daf459bf04bb7d5c921d, type: 3}
--- !u!224 &1826910291 stripped
RectTransform:
  m_CorrespondingSourceObject: {fileID: 4143942646512277176, guid: 9c0f7c38b863daf459bf04bb7d5c921d, type: 3}
  m_PrefabInstance: {fileID: 1826910290}
  m_PrefabAsset: {fileID: 0}
--- !u!114 &1826910292 stripped
MonoBehaviour:
  m_CorrespondingSourceObject: {fileID: 4143942646512277181, guid: 9c0f7c38b863daf459bf04bb7d5c921d, type: 3}
  m_PrefabInstance: {fileID: 1826910290}
  m_PrefabAsset: {fileID: 0}
  m_GameObject: {fileID: 0}
  m_Enabled: 1
  m_EditorHideFlags: 0
  m_Script: {fileID: 11500000, guid: 5c21a83e223553945beee2b5a25a7269, type: 3}
  m_Name: 
  m_EditorClassIdentifier: 
--- !u!1 &1932803491
GameObject:
  m_ObjectHideFlags: 0
  m_CorrespondingSourceObject: {fileID: 0}
  m_PrefabInstance: {fileID: 0}
  m_PrefabAsset: {fileID: 0}
  serializedVersion: 6
  m_Component:
  - component: {fileID: 1932803492}
  - component: {fileID: 1932803495}
  - component: {fileID: 1932803494}
  - component: {fileID: 1932803493}
  m_Layer: 5
  m_Name: BgBackup
  m_TagString: Untagged
  m_Icon: {fileID: 0}
  m_NavMeshLayer: 0
  m_StaticEditorFlags: 0
  m_IsActive: 0
--- !u!224 &1932803492
RectTransform:
  m_ObjectHideFlags: 0
  m_CorrespondingSourceObject: {fileID: 0}
  m_PrefabInstance: {fileID: 0}
  m_PrefabAsset: {fileID: 0}
  m_GameObject: {fileID: 1932803491}
  m_LocalRotation: {x: -0, y: -0, z: -0, w: 1}
  m_LocalPosition: {x: 0, y: 0, z: 0}
  m_LocalScale: {x: 1, y: 1, z: 1}
  m_Children: []
  m_Father: {fileID: 145532856}
  m_RootOrder: 1
  m_LocalEulerAnglesHint: {x: 0, y: 0, z: 0}
  m_AnchorMin: {x: 0.5, y: 0.5}
  m_AnchorMax: {x: 0.5, y: 0.5}
  m_AnchoredPosition: {x: 0, y: 0}
  m_SizeDelta: {x: 2340, y: 1200}
  m_Pivot: {x: 0.5, y: 0.5}
--- !u!114 &1932803493
MonoBehaviour:
  m_ObjectHideFlags: 0
  m_CorrespondingSourceObject: {fileID: 0}
  m_PrefabInstance: {fileID: 0}
  m_PrefabAsset: {fileID: 0}
  m_GameObject: {fileID: 1932803491}
  m_Enabled: 1
  m_EditorHideFlags: 0
  m_Script: {fileID: 11500000, guid: ba32dd6751415d04dababe21aa645ff9, type: 3}
  m_Name: 
  m_EditorClassIdentifier: 
  arts:
  - {fileID: 21300000, guid: 7fda49fa172647641a39f73f157cee2f, type: 3}
  - {fileID: 21300000, guid: 3b49eae37a819c84fbe106bd4401abdf, type: 3}
  - {fileID: 21300000, guid: 86d5a154b0328694a9ab570aef2f378f, type: 3}
  - {fileID: 21300000, guid: 3f3c2f5ab762f2d419ccd84922904e97, type: 3}
  - {fileID: 21300000, guid: d98036282e5537d4e97d723961fb20e4, type: 3}
  preserveAspect: 0
  setNativeSize: 0
--- !u!114 &1932803494
MonoBehaviour:
  m_ObjectHideFlags: 0
  m_CorrespondingSourceObject: {fileID: 0}
  m_PrefabInstance: {fileID: 0}
  m_PrefabAsset: {fileID: 0}
  m_GameObject: {fileID: 1932803491}
  m_Enabled: 1
  m_EditorHideFlags: 0
  m_Script: {fileID: 11500000, guid: fe87c0e1cc204ed48ad3b37840f39efc, type: 3}
  m_Name: 
  m_EditorClassIdentifier: 
  m_Material: {fileID: 0}
  m_Color: {r: 1, g: 1, b: 1, a: 1}
  m_RaycastTarget: 0
  m_RaycastPadding: {x: 0, y: 0, z: 0, w: 0}
  m_Maskable: 0
  m_OnCullStateChanged:
    m_PersistentCalls:
      m_Calls: []
  m_Sprite: {fileID: 0}
  m_Type: 0
  m_PreserveAspect: 0
  m_FillCenter: 1
  m_FillMethod: 4
  m_FillAmount: 1
  m_FillClockwise: 1
  m_FillOrigin: 0
  m_UseSpriteMesh: 0
  m_PixelsPerUnitMultiplier: 1
--- !u!222 &1932803495
CanvasRenderer:
  m_ObjectHideFlags: 0
  m_CorrespondingSourceObject: {fileID: 0}
  m_PrefabInstance: {fileID: 0}
  m_PrefabAsset: {fileID: 0}
  m_GameObject: {fileID: 1932803491}
  m_CullTransparentMesh: 1
--- !u!1001 &2078909294
PrefabInstance:
  m_ObjectHideFlags: 0
  serializedVersion: 2
  m_Modification:
    m_TransformParent: {fileID: 0}
    m_Modifications:
    - target: {fileID: 1868258839953538224, guid: dd41f99c5dfc9dc4c82ee27d36f893eb, type: 3}
      propertyPath: m_Name
      value: AudioManager
      objectReference: {fileID: 0}
    - target: {fileID: 1868258839953538238, guid: dd41f99c5dfc9dc4c82ee27d36f893eb, type: 3}
      propertyPath: m_RootOrder
      value: 1
      objectReference: {fileID: 0}
    - target: {fileID: 1868258839953538238, guid: dd41f99c5dfc9dc4c82ee27d36f893eb, type: 3}
      propertyPath: m_LocalPosition.x
      value: 0
      objectReference: {fileID: 0}
    - target: {fileID: 1868258839953538238, guid: dd41f99c5dfc9dc4c82ee27d36f893eb, type: 3}
      propertyPath: m_LocalPosition.y
      value: 0
      objectReference: {fileID: 0}
    - target: {fileID: 1868258839953538238, guid: dd41f99c5dfc9dc4c82ee27d36f893eb, type: 3}
      propertyPath: m_LocalPosition.z
      value: 0
      objectReference: {fileID: 0}
    - target: {fileID: 1868258839953538238, guid: dd41f99c5dfc9dc4c82ee27d36f893eb, type: 3}
      propertyPath: m_LocalRotation.w
      value: 1
      objectReference: {fileID: 0}
    - target: {fileID: 1868258839953538238, guid: dd41f99c5dfc9dc4c82ee27d36f893eb, type: 3}
      propertyPath: m_LocalRotation.x
      value: 0
      objectReference: {fileID: 0}
    - target: {fileID: 1868258839953538238, guid: dd41f99c5dfc9dc4c82ee27d36f893eb, type: 3}
      propertyPath: m_LocalRotation.y
      value: 0
      objectReference: {fileID: 0}
    - target: {fileID: 1868258839953538238, guid: dd41f99c5dfc9dc4c82ee27d36f893eb, type: 3}
      propertyPath: m_LocalRotation.z
      value: 0
      objectReference: {fileID: 0}
    - target: {fileID: 1868258839953538238, guid: dd41f99c5dfc9dc4c82ee27d36f893eb, type: 3}
      propertyPath: m_LocalEulerAnglesHint.x
      value: 0
      objectReference: {fileID: 0}
    - target: {fileID: 1868258839953538238, guid: dd41f99c5dfc9dc4c82ee27d36f893eb, type: 3}
      propertyPath: m_LocalEulerAnglesHint.y
      value: 0
      objectReference: {fileID: 0}
    - target: {fileID: 1868258839953538238, guid: dd41f99c5dfc9dc4c82ee27d36f893eb, type: 3}
      propertyPath: m_LocalEulerAnglesHint.z
      value: 0
      objectReference: {fileID: 0}
    m_RemovedComponents: []
  m_SourcePrefab: {fileID: 100100000, guid: dd41f99c5dfc9dc4c82ee27d36f893eb, type: 3}
--- !u!224 &2122949969 stripped
RectTransform:
  m_CorrespondingSourceObject: {fileID: 7807492768601057129, guid: bbbe27145011a2e43a106011a205e0b1, type: 3}
  m_PrefabInstance: {fileID: 1508790136}
  m_PrefabAsset: {fileID: 0}
--- !u!114 &2122949970 stripped
MonoBehaviour:
  m_CorrespondingSourceObject: {fileID: 7807492768601057130, guid: bbbe27145011a2e43a106011a205e0b1, type: 3}
  m_PrefabInstance: {fileID: 1508790136}
  m_PrefabAsset: {fileID: 0}
  m_GameObject: {fileID: 0}
  m_Enabled: 1
  m_EditorHideFlags: 0
  m_Script: {fileID: 11500000, guid: 4fe1be19f60c8bb42bb34df83a04b734, type: 3}
  m_Name: 
  m_EditorClassIdentifier: 
